{
  "data": [
    {"url":"https://www.interspar.at/shop/lebensmittel/p/2769141","data":[{"key":"price","value":"0,99 €"},{"key":"oldPrice","value":"\n\t\t\t\t\t\n\t\t\t\t\t \n\t\t\t\t"},{"key":"pricePerUnit","value":"(6.60 €/kg)"},{"key":"productDetailsName","value":"SPAR Natur*pur - Bio-Cottage Cheese Natur - 150 G"},{"key":"detailsDescription","value":"150 G"},{"key":"articleNumber","value":"Artikelnummer: 2769141"},{"key":"Lagerhinweis:","value":["Vor und nach dem Öffnen gekühlt lagern. Nach dem Öffnen innerhalb weniger Tage verbrauchen."]},{"key":"Zutaten:","value":["Zutaten: Cottage Cheese* (MILCH*, RAHM*, mikrobielles Lab), Salz unjodiert. *aus biologischer Landwirtschaft. In Großbuchstaben angegebene Zutaten enthalten allergene Inhaltsstoffe."]},{"key":"Allergene:","value":["Enthält:Milch und daraus gewonnene Erzeugnisse (inkl. Laktose)"]},{"key":"Bio-Kontrollstelle:","value":["AT-BIO-902"]},{"key":"Ökoherkunft:","value":["Österreich-Landwirtschaft"]},{"key":"Identitätskennzeichen:","value":["AT 40157 EG"]},{"key":"Zusatztext:","value":["lakto-vegetarisch"]},{"key":"Ursprungsland/Herkunftsort:","value":["Qualität aus Österreich"]},{"key":"Kontakt:","value":["SPAR Österr. Warenhandels-AG","Europastraße 3, 5015 Salzburg, Österreich"]}],"nutritions":[{"key":"","value":"Unzubereitet"},{"key":" ","value":"100 g"},{"key":"Energie","value":"432 kJ | 103 kcal"},{"key":"Fett","value":"4,5 g"},{"key":"Fett, davon gesättigte Fettsäuren","value":"2,9 g"},{"key":"Kohlenhydrate","value":"2,6 g"},{"key":"Kohlenhydrate, davon Zucker","value":"2,6 g"},{"key":"Ballaststoffe","value":"0 g"},{"key":"Eiweiß","value":"13 g"},{"key":"Salz","value":"0,75 g"},{"key":"Broteinheiten","value":"0,3 BE"}],"tags":["Gekühlt","Bio","immer Billig"]},
    {"url":"https://www.interspar.at/shop/lebensmittel/p/8134868","data":[{"key":"price","value":"1,19 €"},{"key":"oldPrice","value":"\n\t\t\t\t\t\n\t\t\t\t\t \n\t\t\t\t"},{"key":"pricePerUnit","value":"(7.93 €/kg)"},{"key":"productDetailsName","value":"SPAR Natur*pur - Bio-Frischkäse aus Heumilch Gartenkräuter - 150 G"},{"key":"detailsDescription","value":"150 G"},{"key":"articleNumber","value":"Artikelnummer: 8134868"},{"key":"Lagerhinweis:","value":["Vor und nach dem Öffnen gekühlt lagern. Nach dem Öffnen rasch verbrauchen."]},{"key":"Zutaten:","value":["Zutaten: pasteurisierte HEUMILCH*, Meersalz, Schnittlauch*, Petersilie*, Gewürze*. *aus biologischer Landwirtschaft. In Großbuchstaben angegebene Zutaten enthalten allergene Inhaltsstoffe."]},{"key":"Allergene:","value":["Enthält:Milch und daraus gewonnene Erzeugnisse (inkl. Laktose)"]},{"key":"Bio-Kontrollstelle:","value":["AT-BIO-902"]},{"key":"Ökoherkunft:","value":["Österreich-Landwirtschaft"]},{"key":"Identitätskennzeichen:","value":["AT 50124 EG"]},{"key":"Ursprungsland/Herkunftsort:","value":["Qualität aus Österreich"]},{"key":"Kontakt:","value":["SPAR Österr. Warenhandels-AG","Europastraße 3, 5015 Salzburg, Österreich"]}],"nutritions":[{"key":"","value":"Unzubereitet"},{"key":" ","value":"100 g"},{"key":"Energie","value":"1041 kJ | 252 kcal"},{"key":"Fett","value":"24 g"},{"key":"Fett, davon gesättigte Fettsäuren","value":"17,5 g"},{"key":"Kohlenhydrate","value":"2 g"},{"key":"Kohlenhydrate, davon Zucker","value":"2 g"},{"key":"Ballaststoffe","value":"0 g"},{"key":"Eiweiß","value":"7 g"},{"key":"Salz","value":"0,9 g"},{"key":"Broteinheiten","value":"0,2 BE"}],"tags":["Gekühlt","Bio","Glutenfrei"]},
    {"url":"https://www.interspar.at/shop/lebensmittel/p/2769066","data":[{"key":"price","value":"0,99 €"},{"key":"oldPrice","value":"\n\t\t\t\t\t\n\t\t\t\t\t \n\t\t\t\t"},{"key":"pricePerUnit","value":"(6.60 €/kg)"},{"key":"productDetailsName","value":"SPAR Natur*pur - Bio-Cottage Cheese Schnittlauch - 150 G"},{"key":"detailsDescription","value":"150 G"},{"key":"articleNumber","value":"Artikelnummer: 2769066"},{"key":"Lagerhinweis:","value":["Vor und nach dem Öffnen gekühlt lagern. Nach dem Öffnen innerhalb weniger Tage verbrauchen."]},{"key":"Zutaten:","value":["Zutaten: Cottage Cheese* (MILCH*, RAHM*, mikrobielles Lab), Salz unjodiert, 0,2% Schnittlauch*, Zwiebel*. *aus biologischer Landwirtschaft. In Großbuchstaben angegebene Zutaten enthalten allergene Inhaltsstoffe."]},{"key":"Allergene:","value":["Enthält:Milch und daraus gewonnene Erzeugnisse (inkl. Laktose)"]},{"key":"Bio-Kontrollstelle:","value":["AT-BIO-902"]},{"key":"Ökoherkunft:","value":["Österreich-Landwirtschaft"]},{"key":"Identitätskennzeichen:","value":["AT 40157 EG"]},{"key":"Zusatztext:","value":["lakto-vegetarisch"]},{"key":"Ursprungsland/Herkunftsort:","value":["Qualität aus Österreich"]},{"key":"Kontakt:","value":["SPAR Österr. Warenhandels-AG","Europastraße 3, 5015 Salzburg, Österreich"]}],"nutritions":[{"key":"","value":"Unzubereitet"},{"key":" ","value":"100 g"},{"key":"Energie","value":"432 kJ | 103 kcal"},{"key":"Fett","value":"4,5 g"},{"key":"Fett, davon gesättigte Fettsäuren","value":"2,9 g"},{"key":"Kohlenhydrate","value":"2,6 g"},{"key":"Kohlenhydrate, davon Zucker","value":"2,6 g"},{"key":"Ballaststoffe","value":"0 g"},{"key":"Eiweiß","value":"13 g"},{"key":"Salz","value":"0,75 g"},{"key":"Broteinheiten","value":"0,3 BE"}],"tags":["Gekühlt","Bio","immer Billig"]},
    {"url":"https://www.interspar.at/shop/lebensmittel/p/1265491","data":[{"key":"price","value":"2,19 €"},{"key":"oldPrice","value":"\n\t\t\t\t\t\n\t\t\t\t\t \n\t\t\t\t"},{"key":"pricePerUnit","value":"(14.60 €/kg)"},{"key":"productDetailsName","value":"SPAR Natur*pur - Bio-Gouda aus Heumilch in Scheiben - 150 G"},{"key":"detailsDescription","value":"150 G"},{"key":"articleNumber","value":"Artikelnummer: 1265491"},{"key":"Lagerhinweis:","value":["Vor und nach dem Öffnen gekühlt lagern. Nach dem Öffnen innerhalb weniger Tage verbrauchen."]},{"key":"Zutaten:","value":["Zutaten: pasteurisierte MILCH*, Lab, Speisesalz. *aus biologischer Landwirtschaft. In Großbuchstaben angegebene Zutaten enthalten allergene Inhaltsstoffe."]},{"key":"Allergene:","value":["Enthält:Milch und daraus gewonnene Erzeugnisse (inkl. Laktose)"]},{"key":"","value":["Laktosefrei"]},{"key":"Bio-Kontrollstelle:","value":["AT-BIO-902"]},{"key":"Ökoherkunft:","value":["Österreich-Landwirtschaft"]},{"key":"Identitätskennzeichen:","value":["AT 40138 EG"]},{"key":"Zusatztext:","value":["Kontrolliert durch AT-BIO-301."]},{"key":"Ursprungsland/Herkunftsort:","value":["Qualität aus Österreich"]},{"key":"Kontakt:","value":["SPAR Österr. Warenhandels-AG","Europastraße 3, 5015 Salzburg, Österreich"]}],"nutritions":[{"key":"","value":"Unzubereitet"},{"key":" ","value":"100 g"},{"key":"Energie","value":"1346 kJ | 324 kcal"},{"key":"Fett","value":"25 g"},{"key":"Fett, davon gesättigte Fettsäuren","value":"15 g"},{"key":"Kohlenhydrate","value":"0 g"},{"key":"Kohlenhydrate, davon Zucker","value":"0 g"},{"key":"Ballaststoffe","value":"0 g"},{"key":"Eiweiß","value":"24 g"},{"key":"Salz","value":"1,1 g"},{"key":"Broteinheiten","value":"0 BE"}],"tags":["Gekühlt","Bio","Glutenfrei","Lactosefrei"]},
    {"url":"https://www.interspar.at/shop/lebensmittel/p/1265545","data":[{"key":"price","value":"2,19 €"},{"key":"oldPrice","value":"\n\t\t\t\t\t\n\t\t\t\t\t \n\t\t\t\t"},{"key":"pricePerUnit","value":"(14.60 €/kg)"},{"key":"productDetailsName","value":"SPAR Natur*pur - Bio-Heumilchkäse in Scheiben - 150 G"},{"key":"detailsDescription","value":"150 G"},{"key":"articleNumber","value":"Artikelnummer: 1265545"},{"key":"Lagerhinweis:","value":["Vor und nach dem Öffnen bei +2°C bis +6°C lagern."]},{"key":"Zutaten:","value":["Zutaten: MILCH*, Milchsäurebakterien, Lab, Salz. *aus biologischer Landwirtschaft. In Großbuchstaben angegebene Zutaten enthalten allergene Inhaltsstoffe."]},{"key":"Allergene:","value":["Enthält:Milch und daraus gewonnene Erzeugnisse (inkl. Laktose)"]},{"key":"","value":["Laktosefrei"]},{"key":"Bio-Kontrollstelle:","value":["AT-BIO-301"]},{"key":"Ökoherkunft:","value":["Österreich-Landwirtschaft"]},{"key":"Identitätskennzeichen:","value":["AT 62268 EG"]},{"key":"Ursprungsland/Herkunftsort:","value":["Qualität aus Österreich"]},{"key":"Kontakt:","value":["SPAR Österr. Warenhandels-AG","Europastraße 3, 5015 Salzburg, Österreich"]}],"nutritions":[{"key":"","value":"Unzubereitet"},{"key":" ","value":"100 g"},{"key":"Energie","value":"1511 kJ | 364 kcal"},{"key":"Fett","value":"28,1 g"},{"key":"Fett, davon gesättigte Fettsäuren","value":"18,5 g"},{"key":"Kohlenhydrate","value":"0 g"},{"key":"Kohlenhydrate, davon Zucker","value":"0 g"},{"key":"Ballaststoffe","value":"0 g"},{"key":"Eiweiß","value":"26,9 g"},{"key":"Salz","value":"1,75 g"},{"key":"Broteinheiten","value":"0 BE"}],"tags":["Gekühlt","Bio","Lactosefrei"]},
    {"url":"https://www.interspar.at/shop/lebensmittel/p/1265699","data":[{"key":"price","value":"2,19 €"},{"key":"oldPrice","value":"\n\t\t\t\t\t\n\t\t\t\t\t \n\t\t\t\t"},{"key":"pricePerUnit","value":"(14.60 €/kg)"},{"key":"productDetailsName","value":"SPAR Natur*pur - Bio-Bergkäse aus Heumilch in Scheiben - 150 G"},{"key":"detailsDescription","value":"150 G"},{"key":"articleNumber","value":"Artikelnummer: 1265699"},{"key":"Lagerhinweis:","value":["Vor und nach dem Öffnen bei +2°C bis +6°C lagern."]},{"key":"Zutaten:","value":["Zutaten: silofreie ROHMILCH*, Milchsäurebakterien, Lab, Salz. *aus biologischer Landwirtschaft. In Großbuchstaben angegebene Zutaten enthalten allergene Inhaltsstoffe."]},{"key":"Allergene:","value":["Enthält:Milch und daraus gewonnene Erzeugnisse (inkl. Laktose)"]},{"key":"","value":["Laktosefrei"]},{"key":"Bio-Kontrollstelle:","value":["AT-BIO-301"]},{"key":"Ökoherkunft:","value":["Österreich-Landwirtschaft"]},{"key":"Identitätskennzeichen:","value":["AT 62268 EG"]},{"key":"Zusatztext:","value":["Mindestens 3 Monate gereift."]},{"key":"Ursprungsland/Herkunftsort:","value":["Qualität aus Österreich"]},{"key":"Kontakt:","value":["SPAR Österr. Warenhandels-AG","Europastraße 3, 5015 Salzburg, Österreich"]}],"nutritions":[{"key":" ","value":"100 g"},{"key":"","value":"Unzubereitet"},{"key":"Energie","value":"1771 kJ | 427 kcal"},{"key":"Fett","value":"35 g"},{"key":"Fett, davon gesättigte Fettsäuren","value":"25,6 g"},{"key":"Kohlenhydrate","value":"0 g"},{"key":"Kohlenhydrate, davon Zucker","value":"0 g"},{"key":"Ballaststoffe","value":"0 g"},{"key":"Eiweiß","value":"28 g"},{"key":"Salz","value":"1,5 g"},{"key":"Broteinheiten","value":"0 BE"}],"tags":["Gekühlt","Bio","Lactosefrei"]},
    {"url":"https://www.interspar.at/shop/lebensmittel/p/1265736","data":[{"key":"price","value":"2,19 €"},{"key":"oldPrice","value":"\n\t\t\t\t\t\n\t\t\t\t\t \n\t\t\t\t"},{"key":"pricePerUnit","value":"(14.60 €/kg)"},{"key":"productDetailsName","value":"SPAR Natur*pur - Bio-Emmentaler aus Heumilch in Scheiben - 150 G"},{"key":"detailsDescription","value":"150 G"},{"key":"articleNumber","value":"Artikelnummer: 1265736"},{"key":"Lagerhinweis:","value":["Vor und nach dem Öffnen bei +2°C bis +6°C lagern."]},{"key":"Zutaten:","value":["Zutaten: silofreie ROHMILCH*, Milchsäurebakterien, Lab, Salz. *aus biologischer Landwirtschaft. In Großbuchstaben angegebene Zutaten enthalten allergene Inhaltsstoffe."]},{"key":"Allergene:","value":["Enthält:Milch und daraus gewonnene Erzeugnisse (inkl. Laktose)"]},{"key":"","value":["Laktosefrei"]},{"key":"Bio-Kontrollstelle:","value":["AT-BIO-301"]},{"key":"Ökoherkunft:","value":["Österreich-Landwirtschaft"]},{"key":"Identitätskennzeichen:","value":["AT 62268 EG"]},{"key":"Ursprungsland/Herkunftsort:","value":["Qualität aus Österreich"]},{"key":"Kontakt:","value":["SPAR Österr. Warenhandels-AG","Europastraße 3, 5015 Salzburg, Österreich"]}],"nutritions":[{"key":"","value":"Unzubereitet"},{"key":" ","value":"100 g"},{"key":"Energie","value":"1603 kJ | 386 kcal"},{"key":"Fett","value":"30 g"},{"key":"Fett, davon gesättigte Fettsäuren","value":"21,9 g"},{"key":"Kohlenhydrate","value":"0 g"},{"key":"Kohlenhydrate, davon Zucker","value":"0 g"},{"key":"Ballaststoffe","value":"0 g"},{"key":"Eiweiß","value":"29 g"},{"key":"Salz","value":"0,6 g"},{"key":"Broteinheiten","value":"0 BE"}],"tags":["Gekühlt","Bio","Lactosefrei"]},
    {"url":"https://www.interspar.at/shop/lebensmittel/p/2020001258468","data":[{"key":"price","value":"2,99 €"},{"key":"oldPrice","value":"\n\t\t\t\t\t\n\t\t\t\t\t \n\t\t\t\t"},{"key":"pricePerUnit","value":"(11.96 €/kg)"},{"key":"productDetailsName","value":"SPAR Natur*pur - Bio-Gouda aus Heumilch - 250 G"},{"key":"detailsDescription","value":"250 G"},{"key":"articleNumber","value":"Artikelnummer: 2020001258468"},{"key":"Lagerhinweis:","value":["Vor und nach dem Öffnen gekühlt lagern. Nach dem Öffnen innerhalb weniger Tage genießen."]},{"key":"Zutaten:","value":["Zutaten: pasteurisierte HEUMILCH* g.t.S., Speisesalz unjodiert, Käsereikulturen, mikrobielles Lab. *aus biologischer Landwirtschaft. In Großbuchstaben angegebene Zutaten enthalten allergene Inhaltsstoffe."]},{"key":"Allergene:","value":["Enthält:Milch und daraus gewonnene Erzeugnisse (inkl. Laktose)"]},{"key":"","value":["Laktosefrei"]},{"key":"Bio-Kontrollstelle:","value":["AT-BIO-902"]},{"key":"Ökoherkunft:","value":["Österreich-Landwirtschaft"]},{"key":"Identitätskennzeichen:","value":["AT 50190 EG"]},{"key":"Zusatztext:","value":["Kontrolliert durch AT-BIO-301."]},{"key":"Ursprungsland/Herkunftsort:","value":["Qualität aus Österreich"]},{"key":"Kontakt:","value":["SPAR Österr. Warenhandels-AG","Europastraße 3, 5015 Salzburg, Österreich","office@spar.at"]}],"nutritions":[{"key":"","value":"Unzubereitet"},{"key":" ","value":"100 g"},{"key":"Energie","value":"1481 kJ | 357 kcal"},{"key":"Fett","value":"29 g"},{"key":"Fett, davon gesättigte Fettsäuren","value":"22 g"},{"key":"Kohlenhydrate","value":"0 g"},{"key":"Kohlenhydrate, davon Zucker","value":"0 g"},{"key":"Ballaststoffe","value":"0 g"},{"key":"Eiweiß","value":"24 g"},{"key":"Salz","value":"1,3 g"},{"key":"Broteinheiten","value":"0 BE"}],"tags":["Gekühlt","Bio","Glutenfrei","Lactosefrei"]},
    {"url":"https://www.interspar.at/shop/lebensmittel/p/4036364","data":[{"key":"price","value":"0,84 €"},{"key":"oldPrice","value":"\n\t\t\t\t\t\n\t\t\t\t\t \n\t\t\t\t"},{"key":"pricePerUnit","value":"(16.90 €/kg)"},{"key":"productDetailsName","value":"SPAR Natur*pur - Bio-Kärntner Gold aus Wiesenmilch - 1 KG"},{"key":"detailsDescription","value":"1 KG"},{"key":"articleNumber","value":"Artikelnummer: 4036364"},{"key":"Allergene:","value":["Enthält:Milch und daraus gewonnene Erzeugnisse (inkl. Laktose)"]},{"key":"","value":["Laktosefrei"]},{"key":"Bio-Kontrollstelle:","value":["AT-BIO-301"]},{"key":"Ökoherkunft:","value":["Österreich-Landwirtschaft"]},{"key":"Identitätskennzeichen:","value":["AT 20130 EG"]},{"key":"Ursprungsland/Herkunftsort:","value":["Qualität aus Österreich"]},{"key":"Kontakt:","value":["SPAR Österr. Warenhandels-AG","Europastraße 3, 5015 Salzburg, Österreich"]}],"nutritions":[{"key":"","value":"Unzubereitet"},{"key":" ","value":"100 g"},{"key":"Energie","value":"1492 kJ | 359 kcal"},{"key":"Fett","value":"27 g"},{"key":"Fett, davon gesättigte Fettsäuren","value":"19 g"},{"key":"Kohlenhydrate","value":"0 g"},{"key":"Kohlenhydrate, davon Zucker","value":"0 g"},{"key":"Ballaststoffe","value":"0 g"},{"key":"Eiweiß","value":"29 g"},{"key":"Salz","value":"1,3 g"}],"tags":["Gekühlt","Bio","Lactosefrei"]},
    {"url":"https://www.interspar.at/shop/lebensmittel/p/4105046","data":[{"key":"price","value":"0,84 €"},{"key":"oldPrice","value":"\n\t\t\t\t\t\n\t\t\t\t\t \n\t\t\t\t"},{"key":"pricePerUnit","value":"(16.90 €/kg)"},{"key":"productDetailsName","value":"SPAR Natur*pur - Bio-Ortenburger aus Wiesenmilch - 1 KG"},{"key":"detailsDescription","value":"1 KG"},{"key":"articleNumber","value":"Artikelnummer: 4105046"},{"key":"Lagerhinweis:","value":["Nach dem Öffnen gekühlt lagern und innerhalb von einigen Tagen konsumieren."]},{"key":"Allergene:","value":["Enthält:Milch und daraus gewonnene Erzeugnisse (inkl. Laktose)"]},{"key":"","value":["Laktosefrei"]},{"key":"Bio-Kontrollstelle:","value":["AT-BIO-301"]},{"key":"Ökoherkunft:","value":["Österreich-Landwirtschaft"]},{"key":"Identitätskennzeichen:","value":["AT 20130 EG"]},{"key":"Ursprungsland/Herkunftsort:","value":["Qualität aus Österreich"]},{"key":"Kontakt:","value":["SPAR"]}],"nutritions":[{"key":"","value":"Unzubereitet"},{"key":" ","value":"100 g"},{"key":"Energie","value":"1338 kJ | 321 kcal"},{"key":"Fett","value":"21 g"},{"key":"Fett, davon gesättigte Fettsäuren","value":"15 g"},{"key":"Kohlenhydrate","value":"0 g"},{"key":"Kohlenhydrate, davon Zucker","value":"0 g"},{"key":"Eiweiß","value":"33 g"},{"key":"Salz","value":"1,2 g"},{"key":"Laktose","value":"< 0,01 g"}],"tags":["Gekühlt","Bio","Lactosefrei"]},
    {"url":"https://www.interspar.at/shop/lebensmittel/p/4106722","data":[{"key":"price","value":"0,70 €"},{"key":"oldPrice","value":"\n\t\t\t\t\t\n\t\t\t\t\tstatt 0,84 €\n\t\t\t\t"},{"key":"pricePerUnit","value":"(13.90 €/kg)"},{"key":"productDetailsName","value":"SPAR Natur*pur - Bio-Rahm-Tilsiter aus Wiesenmilch - 1 KG"},{"key":"detailsDescription","value":"1 KG"},{"key":"articleNumber","value":"Artikelnummer: 4106722"},{"key":"Lagerhinweis:","value":["Nach dem Öffnen gekühlt lagern und innerhalb von einigen Tagen konsumieren."]},{"key":"Allergene:","value":["Enthält:Milch und daraus gewonnene Erzeugnisse (inkl. Laktose)"]},{"key":"","value":["Laktosefrei"]},{"key":"Bio-Kontrollstelle:","value":["AT-BIO-301"]},{"key":"Ökoherkunft:","value":["Österreich-Landwirtschaft"]},{"key":"Identitätskennzeichen:","value":["AT 20130 EG"]},{"key":"Zusatztext:","value":["In Naturrinde gereift."]},{"key":"Ursprungsland/Herkunftsort:","value":["Qualität aus Österreich"]},{"key":"Kontakt:","value":["SPAR Österr. Warenhandels-AG","Europastraße 3, 5015 Salzburg, Österreich"]}],"nutritions":[{"key":"","value":"Unzubereitet"},{"key":" ","value":"100 g"},{"key":"Energie","value":"1649 kJ | 398 kcal"},{"key":"Fett","value":"34 g"},{"key":"Fett, davon gesättigte Fettsäuren","value":"24 g"},{"key":"Kohlenhydrate","value":"0 g"},{"key":"Kohlenhydrate, davon Zucker","value":"0 g"},{"key":"Eiweiß","value":"23 g"},{"key":"Salz","value":"1,5 g"},{"key":"Laktose","value":"< 0,01 g"}],"tags":["Gekühlt","Bio","Lactosefrei"]},
    {"url":"https://www.interspar.at/shop/lebensmittel/p/4174578","data":[{"key":"price","value":"1,69 €"},{"key":"oldPrice","value":"\n\t\t\t\t\t\n\t\t\t\t\t \n\t\t\t\t"},{"key":"pricePerUnit","value":"(11.27 €/kg)"},{"key":"productDetailsName","value":"SPAR Natur*pur - Bio-Pizzakäse aus Wiesenmilch - 150 G"},{"key":"detailsDescription","value":"150 G"},{"key":"articleNumber","value":"Artikelnummer: 4174578"},{"key":"Lagerhinweis:","value":["Vor und nach dem Öffnen gekühlt lagern. Nach dem Öffnen innerhalb weniger Tage aufbrauchen."]},{"key":"Zutaten:","value":["Zutaten: pasteurisierte MILCH*, Lab 2%, Maisstärke*. *aus biologischer Landwirtschaft. In Großbuchstaben angegebene Zutaten enthalten allergene Inhaltsstoffe."]},{"key":"Allergene:","value":["Enthält:Milch und daraus gewonnene Erzeugnisse (inkl. Laktose)"]},{"key":"","value":["Laktosefrei","Glutenfrei"]},{"key":"Bio-Kontrollstelle:","value":["DE-ÖKO-003"]},{"key":"Ökoherkunft:","value":["Österreich-Landwirtschaft"]},{"key":"Identitätskennzeichen:","value":["AT 20130 EG/ DE BY-13136 EG"]},{"key":"Ursprungsland/Herkunftsort:","value":["Sorgfältig gekäst in Österreich"]},{"key":"Kontakt:","value":["SPAR Österr. Warenhandels-AG","Europastraße 3, 5015 Salzburg, Österreich"]}],"nutritions":[{"key":" ","value":"100 g"},{"key":"","value":"Unzubereitet"},{"key":"Energie","value":"1526 kJ | 367 kcal"},{"key":"Fett","value":"27 g"},{"key":"Fett, davon gesättigte Fettsäuren","value":"19 g"},{"key":"Kohlenhydrate","value":"2 g"},{"key":"Kohlenhydrate, davon Zucker","value":"0 g"},{"key":"Ballaststoffe","value":"0 g"},{"key":"Eiweiß","value":"29 g"},{"key":"Salz","value":"1,2 g"},{"key":"Broteinheiten","value":"0,2 BE"},{"key":" ","value":"Portion (50 g)"},{"key":"","value":"Unzubereitet"},{"key":"Energie","value":"763 kJ | 184 kcal"},{"key":"Fett","value":"14 g"},{"key":"Fett, davon gesättigte Fettsäuren","value":"9,5 g"},{"key":"Kohlenhydrate","value":"1 g"},{"key":"Kohlenhydrate, davon Zucker","value":"0 g"},{"key":"Ballaststoffe","value":"0 g"},{"key":"Eiweiß","value":"15 g"},{"key":"Salz","value":"0,6 g"},{"key":"Broteinheiten","value":"0,1 BE"}],"tags":["Gekühlt","Bio","Glutenfrei","Lactosefrei"]},
    {"url":"https://www.interspar.at/shop/lebensmittel/p/4246107","data":[{"key":"price","value":"2,19 €"},{"key":"oldPrice","value":"\n\t\t\t\t\t\n\t\t\t\t\t \n\t\t\t\t"},{"key":"pricePerUnit","value":"(14.60 €/kg)"},{"key":"productDetailsName","value":"SPAR Natur*pur - Bio-Ortenburger in Scheiben - 150 G"},{"key":"detailsDescription","value":"150 G"},{"key":"articleNumber","value":"Artikelnummer: 4246107"},{"key":"Lagerhinweis:","value":["Vor und nach dem Öffnen gekühlt lagern. Nach dem Öffnen innerhalb von 2-4 Tagen aufbrauchen."]},{"key":"Zutaten:","value":["Zutaten: pasteurisierte MILCH*, Speisesalz unjodiert, Lab*. *aus biologischer Landwirtschaft. In Großbuchstaben angegebene Zutaten enthalten allergene Inhaltsstoffe."]},{"key":"Allergene:","value":["Enthält:Milch und daraus gewonnene Erzeugnisse (inkl. Laktose)"]},{"key":"","value":["Laktosefrei"]},{"key":"Bio-Kontrollstelle:","value":["DE-ÖKO-003"]},{"key":"Ökoherkunft:","value":["Österreich-Landwirtschaft"]},{"key":"Identitätskennzeichen:","value":["DE BY 13136 EG"]},{"key":"Ursprungsland/Herkunftsort:","value":["Bio-Milch aus Österreich"]},{"key":"Verbrauchen nach dem Öffnen:","value":["2 Tage"]},{"key":"Kontakt:","value":["SPAR Österr. Warenhandels-AG","Europastraße 3, 5015 Salzburg, Österreich"]}],"nutritions":[{"key":"","value":"Unzubereitet"},{"key":" ","value":"100 g"},{"key":"Energie","value":"1492 kJ | 359 kcal"},{"key":"Fett","value":"27 g"},{"key":"Fett, davon gesättigte Fettsäuren","value":"19 g"},{"key":"Kohlenhydrate","value":"0 g"},{"key":"Kohlenhydrate, davon Zucker","value":"0 g"},{"key":"Ballaststoffe","value":"0 g"},{"key":"Eiweiß","value":"29 g"},{"key":"Salz","value":"1,3 g"},{"key":"Broteinheiten","value":"0 BE"}],"tags":["Gekühlt","Bio","Lactosefrei"]},
    {"url":"https://www.interspar.at/shop/lebensmittel/p/5910250","data":[{"key":"price","value":"0,74 €"},{"key":"oldPrice","value":"\n\t\t\t\t\t\n\t\t\t\t\t \n\t\t\t\t"},{"key":"pricePerUnit","value":"(14.90 €/kg)"},{"key":"productDetailsName","value":"SPAR Natur*pur - Bio-Gouda aus Heumilch - 1 KG"},{"key":"detailsDescription","value":"1 KG"},{"key":"articleNumber","value":"Artikelnummer: 5910250"},{"key":"Lagerhinweis:","value":["Vor und nach dem Öffnen gekühlt (4-8°C) lagern und innerhalb von 4 Tagen verbrauchen!"]},{"key":"Zutaten:","value":["Zutaten: MILCH* pasteurisiert, Salz unjodiert, Kultur, Lab. *aus biologischer Landwirtschaft. In Großbuchstaben angegebene Zutaten enthalten allergene Inhaltsstoffe."]},{"key":"Allergene:","value":["Enthält:Milch und daraus gewonnene Erzeugnisse (inkl. Laktose)"]},{"key":"","value":["Laktosefrei"]},{"key":"Bio-Kontrollstelle:","value":["AT-BIO-301"]},{"key":"Ökoherkunft:","value":["Österreich-Landwirtschaft"]},{"key":"Identitätskennzeichen:","value":["AT 50190 EG"]},{"key":"Ursprungsland/Herkunftsort:","value":["Qualität aus Österreich"]},{"key":"Verbrauchen nach dem Öffnen:","value":["4 Tage"]},{"key":"Kontakt:","value":["SPAR Österr. Warenhandels-AG","Europastraße 3, 5015 Salzburg, Österreich"]}],"nutritions":[{"key":"","value":"Unzubereitet"},{"key":" ","value":"100 g"},{"key":"Energie","value":"1346 kJ | 324 kcal"},{"key":"Fett","value":"25 g"},{"key":"Fett, davon gesättigte Fettsäuren","value":"15 g"},{"key":"Kohlenhydrate","value":"0 g"},{"key":"Kohlenhydrate, davon Zucker","value":"0 g"},{"key":"Eiweiß","value":"24 g"},{"key":"Salz","value":"1,4 g"}],"tags":["Gekühlt","Bio","Glutenfrei","Lactosefrei"]},
    {"url":"https://www.interspar.at/shop/lebensmittel/p/8134967","data":[{"key":"price","value":"1,19 €"},{"key":"oldPrice","value":"\n\t\t\t\t\t\n\t\t\t\t\t \n\t\t\t\t"},{"key":"pricePerUnit","value":"(7.93 €/kg)"},{"key":"productDetailsName","value":"SPAR Natur*pur - Bio-Frischkäse aus Heumilch Natur - 150 G"},{"key":"detailsDescription","value":"150 G"},{"key":"articleNumber","value":"Artikelnummer: 8134967"},{"key":"Lagerhinweis:","value":["Vor und nach dem Öffnen gekühlt lagern. Nach dem Öffnen rasch verbrauchen."]},{"key":"Zutaten:","value":["Zutaten: pasteurisierte HEUMILCH*, Meersalz. *aus biologischer Landwirtschaft. In Großbuchstaben angegebene Zutaten enthalten allergene Inhaltsstoffe."]},{"key":"Allergene:","value":["Enthält:Milch und daraus gewonnene Erzeugnisse (inkl. Laktose)"]},{"key":"Bio-Kontrollstelle:","value":["AT-BIO-902"]},{"key":"Ökoherkunft:","value":["Österreich-Landwirtschaft"]},{"key":"Identitätskennzeichen:","value":["AT 50124 EG"]},{"key":"Ursprungsland/Herkunftsort:","value":["Qualität aus Österreich"]},{"key":"Kontakt:","value":["SPAR Österr. Warenhandels-AG","Europastraße 3, 5015 Salzburg, Österreich"]}],"nutritions":[{"key":" ","value":"100 g"},{"key":"","value":"Unzubereitet"},{"key":"Energie","value":"1041 kJ | 252 kcal"},{"key":"Fett","value":"24 g"},{"key":"Fett, davon gesättigte Fettsäuren","value":"17,5 g"},{"key":"Kohlenhydrate","value":"2 g"},{"key":"Kohlenhydrate, davon Zucker","value":"2 g"},{"key":"Ballaststoffe","value":"0 g"},{"key":"Eiweiß","value":"7 g"},{"key":"Salz","value":"0,9 g"},{"key":"Broteinheiten","value":"0,2 BE"}],"tags":["Bio","Glutenfrei"]},
    {"url":"https://www.interspar.at/shop/lebensmittel/p/8201102","data":[{"key":"price","value":"2,29 €"},{"key":"oldPrice","value":"\n\t\t\t\t\t\n\t\t\t\t\t \n\t\t\t\t"},{"key":"pricePerUnit","value":"(16.36 €/kg)"},{"key":"productDetailsName","value":"SPAR Natur*pur - Bio-Ziegenfrischkäse Schnittlauch - 140 G"},{"key":"detailsDescription","value":"140 G"},{"key":"articleNumber","value":"Artikelnummer: 8201102"},{"key":"Lagerhinweis:","value":["Gekühlt lagern! Geöffnete Packung weiterhin gekühlt lagern und innerhalb von 3-4 Tagen aufbrauchen."]},{"key":"Zutaten:","value":["Zutaten: ZIEGENMILCH*, Speisesalz unjodiert, Schnittlauch* gefriergetrocknet, Lab. *aus biologischer Landwirtschaft. In Großbuchstaben angegebene Zutaten enthalten allergene Inhaltsstoffe."]},{"key":"Allergene:","value":["Enthält:Milch und daraus gewonnene Erzeugnisse (inkl. Laktose)"]},{"key":"","value":["ohne Zusatz von Aromen"]},{"key":"","value":["Ohne Konservierungsstoffe","Ohne Farbstoffe","Glutenfrei"]},{"key":"Bio-Kontrollstelle:","value":["AT-BIO-902"]},{"key":"Ökoherkunft:","value":["Österreich-Landwirtschaft"]},{"key":"Identitätskennzeichen:","value":["AT 40141 EG"]},{"key":"Ursprungsland/Herkunftsort:","value":["Qualität aus Österreich"]},{"key":"Verbrauchen nach dem Öffnen:","value":["3 Tage"]},{"key":"Kontakt:","value":["SPAR Österr. Warenhandels-AG","Europastraße 3, 5015 Salzburg, Österreich"]}],"nutritions":[{"key":"","value":"Unzubereitet"},{"key":" ","value":"100 g"},{"key":"Energie","value":"795 kJ | 191 kcal"},{"key":"Fett","value":"14 g"},{"key":"Fett, davon gesättigte Fettsäuren","value":"10 g"},{"key":"Kohlenhydrate","value":"4,3 g"},{"key":"Kohlenhydrate, davon Zucker","value":"3 g"},{"key":"Ballaststoffe","value":"0 g"},{"key":"Eiweiß","value":"12 g"},{"key":"Salz","value":"0,75 g"},{"key":"Broteinheiten","value":"0,4 BE"}],"tags":["Gekühlt","Bio","Glutenfrei"]},
    {"url":"https://www.interspar.at/shop/lebensmittel/p/8201126","data":[{"key":"price","value":"2,29 €"},{"key":"oldPrice","value":"\n\t\t\t\t\t\n\t\t\t\t\t \n\t\t\t\t"},{"key":"pricePerUnit","value":"(16.36 €/kg)"},{"key":"productDetailsName","value":"SPAR Natur*pur - Bio-Ziegen-Frischkäse Natur - 140 G"},{"key":"detailsDescription","value":"140 G"},{"key":"articleNumber","value":"Artikelnummer: 8201126"},{"key":"Lagerhinweis:","value":["Vor und nach dem Öffnen gekühlt lagern. Nach dem Öffnen innerhalb von 3-4 Tagen genießen."]},{"key":"Zutaten:","value":["Zutaten: pasteurisierte ZIEGENMILCH*, Salz unjodiert. *aus biologischer Landwirtschaft. In Großbuchstaben angegebene Zutaten enthalten allergene Inhaltsstoffe."]},{"key":"Allergene:","value":["Enthält:Milch und daraus gewonnene Erzeugnisse (inkl. Laktose)"]},{"key":"","value":["einfach OHNE:ohne Aromastoffzusatzohne Konservierungsstoffe°ohne Farbstoffzusatz°°lt. EU-VO (EG) 834/2007"]},{"key":"Bio-Kontrollstelle:","value":["AT-BIO-902"]},{"key":"Ökoherkunft:","value":["Österreich-Landwirtschaft"]},{"key":"Identitätskennzeichen:","value":["AT 40141 EG"]},{"key":"Ursprungsland/Herkunftsort:","value":["Qualität aus Österreich"]},{"key":"Verbrauchen nach dem Öffnen:","value":["3 Tage"]},{"key":"Kontakt:","value":["SPAR Österr. Warenhandels-AG","Europastraße 3, 5015 Salzburg, Österreich"]}],"nutritions":[{"key":"","value":"Unzubereitet"},{"key":" ","value":"100 g"},{"key":"Energie","value":"729 kJ | 175 kcal"},{"key":"Fett","value":"13 g"},{"key":"Fett, davon gesättigte Fettsäuren","value":"8,5 g"},{"key":"Kohlenhydrate","value":"4 g"},{"key":"Kohlenhydrate, davon Zucker","value":"3,5 g"},{"key":"Ballaststoffe","value":"0 g"},{"key":"Eiweiß","value":"11 g"},{"key":"Salz","value":"0,8 g"},{"key":"Broteinheiten","value":"0,3 BE"}],"tags":["Gekühlt","Bio","Glutenfrei"]},
    {"url":"https://www.interspar.at/shop/lebensmittel/p/3114483","data":[{"key":"price","value":"0,95 €"},{"key":"oldPrice","value":"\n\t\t\t\t\t\n\t\t\t\t\t \n\t\t\t\t"},{"key":"pricePerUnit","value":"(4.75 €/kg)"},{"key":"productDetailsName","value":"SPAR - Cottage Cheese Natur - 200 G"},{"key":"detailsDescription","value":"200 G"},{"key":"articleNumber","value":"Artikelnummer: 3114483"},{"key":"Lagerhinweis:","value":["Vor und nach dem Öffnen gekühlt lagern. Nach dem Öffnen innerhalb weniger Tage verbrauchen."]},{"key":"Zutaten:","value":["Zutaten: MILCH, RAHM, Salz, mikrobielles Lab. In Großbuchstaben angegebene Zutaten enthalten allergene Inhaltsstoffe."]},{"key":"Allergene:","value":["Enthält:Milch und daraus gewonnene Erzeugnisse (inkl. Laktose)"]},{"key":"","value":["Niedriger Gehalt an Fett"]},{"key":"Identitätskennzeichen:","value":["AT 40157 EG"]},{"key":"Ursprungsland/Herkunftsort:","value":["Qualität aus Österreich"]},{"key":"Kontakt:","value":["SPAR Österr. Warenhandels-AG","Europastraße 3, 5015 Salzburg, Österreich"]}],"nutritions":[{"key":" ","value":"100 g"},{"key":"","value":"Unzubereitet"},{"key":"Energie","value":"348 kJ | 83 kcal"},{"key":"Fett","value":"2,2 g"},{"key":"Fett, davon gesättigte Fettsäuren","value":"1,4 g"},{"key":"Kohlenhydrate","value":"3 g"},{"key":"Kohlenhydrate, davon Zucker","value":"3 g"},{"key":"Ballaststoffe","value":"0 g"},{"key":"Eiweiß","value":"13 g"},{"key":"Salz","value":"1 g"},{"key":"Broteinheiten","value":"0,3 BE"}],"tags":["Glutenfrei"]},
    {"url":"https://www.interspar.at/shop/lebensmittel/p/3114490","data":[{"key":"price","value":"0,95 €"},{"key":"oldPrice","value":"\n\t\t\t\t\t\n\t\t\t\t\t \n\t\t\t\t"},{"key":"pricePerUnit","value":"(4.75 €/kg)"},{"key":"productDetailsName","value":"SPAR - Cottage Cheese Kräuter - 200 G"},{"key":"detailsDescription","value":"200 G"},{"key":"articleNumber","value":"Artikelnummer: 3114490"},{"key":"Lagerhinweis:","value":["Vor und nach dem Öffnen gekühlt lagern. Nach dem Öffnen innerhalb weniger Tage verbrauchen."]},{"key":"Zutaten:","value":["Zutaten: MILCH, RAHM, Salz, Kräuter (Schnittlauch, Dill), Gewürze (Zwiebel, Knoblauch), Weingeistessig, mikrobielles Lab. In Großbuchstaben angegebene Zutaten enthalten allergene Inhaltsstoffe."]},{"key":"Allergene:","value":["Enthält:Milch und daraus gewonnene Erzeugnisse (inkl. Laktose)"]},{"key":"","value":["Niedriger Gehalt an Fett"]},{"key":"Identitätskennzeichen:","value":["AT 40157 EG"]},{"key":"Ursprungsland/Herkunftsort:","value":["Qualität aus Österreich"]},{"key":"Kontakt:","value":["SPAR Österr. Warenhandels-AG","Europastraße 3, 5015 Salzburg, Österreich"]}],"nutritions":[{"key":" ","value":"100 g"},{"key":"","value":"Unzubereitet"},{"key":"Energie","value":"349 kJ | 83 kcal"},{"key":"Fett","value":"2,2 g"},{"key":"Fett, davon gesättigte Fettsäuren","value":"1,4 g"},{"key":"Kohlenhydrate","value":"3 g"},{"key":"Kohlenhydrate, davon Zucker","value":"2,9 g"},{"key":"Ballaststoffe","value":"0,1 g"},{"key":"Eiweiß","value":"13 g"},{"key":"Salz","value":"1 g"},{"key":"Broteinheiten","value":"0,3 BE"}],"tags":["Glutenfrei"]},
    {"url":"https://www.interspar.at/shop/lebensmittel/p/1931723","data":[{"key":"price","value":"3,69 €"},{"key":"oldPrice","value":"\n\t\t\t\t\t\n\t\t\t\t\t \n\t\t\t\t"},{"key":"pricePerUnit","value":"(18.45 €/kg)"},{"key":"productDetailsName","value":"SPAR PREMIUM - Bregenzerwälder Sennergold - 200 G"},{"key":"detailsDescription","value":"200 G"},{"key":"articleNumber","value":"Artikelnummer: 1931723"},{"key":"Lagerhinweis:","value":["Vor und nach dem Öffnen gekült lagern und nach dem Öffnen innerhalb von 3 - 4 Tagen verzehren."]},{"key":"Zutaten:","value":["Zutaten: pasteurisierte HEUMILCH, Speisesalz unjodiert, tierisches Lab, Rotkultur. In Großbuchstaben angegebene Zutaten enthalten allergene Inhaltsstoffe."]},{"key":"Allergene:","value":["Enthält:Milch und daraus gewonnene Erzeugnisse (inkl. Laktose)"]},{"key":"","value":["Laktosefrei"]},{"key":"Identitätskennzeichen:","value":["AT 80141 EG (gekäst) AT 62268 EG (abgepackt)"]},{"key":"Ursprungsland/Herkunftsort:","value":["Sorfältig gekäst in Vorarlberg und abgepackt in Österreich"]},{"key":"Verbrauchen nach dem Öffnen:","value":["3 Tage"]},{"key":"Kontakt:","value":["SPAR Österr. Warenhandels-AG","Europastraße 3, 5015 Salzburg, Österreich"]}],"nutritions":[{"key":"","value":"Unzubereitet"},{"key":" ","value":"100 g"},{"key":"Energie","value":"1609 kJ | 388 kcal"},{"key":"Fett","value":"32 g"},{"key":"Fett, davon gesättigte Fettsäuren","value":"20 g"},{"key":"Kohlenhydrate","value":"0 g"},{"key":"Kohlenhydrate, davon Zucker","value":"0 g"},{"key":"Ballaststoffe","value":"0 g"},{"key":"Eiweiß","value":"25 g"},{"key":"Salz","value":"1,75 g"},{"key":"Broteinheiten","value":"0 BE"}],"tags":["Gekühlt","Lactosefrei"]},
    {"url":"https://www.interspar.at/shop/lebensmittel/p/2323961","data":[{"key":"price","value":"1,19 €"},{"key":"oldPrice","value":"\n\t\t\t\t\t\n\t\t\t\t\t \n\t\t\t\t"},{"key":"pricePerUnit","value":"(11.90 €/kg)"},{"key":"productDetailsName","value":"SPAR Natur*pur - Bio-Mozzarella - 100 G"},{"key":"detailsDescription","value":"100 G"},{"key":"articleNumber","value":"Artikelnummer: 2323961"},{"key":"Lagerhinweis:","value":["Gekühlt lagern."]},{"key":"Zutaten:","value":["Zutaten: pasteurisierte MILCH*, Salz, Säureregulator: Milchsäure, mikrobielles Lab, Käsereikulturen. *aus biologischer Landwirtschaft. In Großbuchstaben angegebene Zutaten enthalten allergene Inhaltsstoffe."]},{"key":"Allergene:","value":["Enthält:Milch und daraus gewonnene Erzeugnisse (inkl. Laktose)"]},{"key":"","value":["mit Calcium"]},{"key":"Bio-Kontrollstelle:","value":["IT-BIO-009"]},{"key":"Ökoherkunft:","value":["Österreich-Landwirtschaft"]},{"key":"Identitätskennzeichen:","value":["IT 06 9 CE"]},{"key":"Abtropfgewicht:","value":["100 g"]},{"key":"Ursprungsland/Herkunftsort:","value":["Bio-Milch aus Österreich"]},{"key":"Kontakt:","value":["SPAR Österr. Warenhandels-AG","Europastraße 3, 5015 Salzburg, Österreich"]}],"nutritions":[{"key":"","value":"Unzubereitet"},{"key":" ","value":"100 g"},{"key":"Energie","value":"1026 kJ | 247 kcal"},{"key":"Fett","value":"19 g"},{"key":"Fett, davon gesättigte Fettsäuren","value":"13 g"},{"key":"Kohlenhydrate","value":"1 g"},{"key":"Kohlenhydrate, davon Zucker","value":"1 g"},{"key":"Ballaststoffe","value":"0 g"},{"key":"Eiweiß","value":"18 g"},{"key":"Salz","value":"0,4 g"},{"key":"Kalzium","value":"400 mg | 50 %"},{"key":"Broteinheiten","value":"0,1 BE"}],"tags":["Gekühlt","Bio","Glutenfrei"]},
    {"url":"https://www.interspar.at/shop/lebensmittel/p/8184634","data":[{"key":"price","value":"1,99 €"},{"key":"oldPrice","value":"\n\t\t\t\t\t\n\t\t\t\t\t \n\t\t\t\t"},{"key":"pricePerUnit","value":"(13.27 €/kg)"},{"key":"productDetailsName","value":"SPAR Natur*pur - Bio-Feta - 150 G"},{"key":"detailsDescription","value":"150 G"},{"key":"articleNumber","value":"Artikelnummer: 8184634"},{"key":"Lagerhinweis:","value":["Nach dem Öffnen gekühlt aufbewahren und innerhalb von 2 Tagen verzehren."]},{"key":"Zutaten:","value":["Zutaten: pasteurisierte SCHAFMILCH*, pasteurisierte ZIEGENMILCH*, Salz, Lab. *aus biologischer Landwirtschaft. In Großbuchstaben angegebene Zutaten enthalten allergene Inhaltsstoffe."]},{"key":"Allergene:","value":["Enthält:Milch und daraus gewonnene Erzeugnisse (inkl. Laktose)"]},{"key":"Bio-Kontrollstelle:","value":["GR-BIO-03"]},{"key":"Ökoherkunft:","value":["Griechenland-Landwirtschaft"]},{"key":"Identitätskennzeichen:","value":["GR 35.1026 EC"]},{"key":"Ursprungsland/Herkunftsort:","value":["Sorgfältig hergestellt in Griechenland"]},{"key":"Verbrauchen nach dem Öffnen:","value":["2 Tage"]},{"key":"Kontakt:","value":["SPAR Österr. Warenhandels-AG","Europastraße 3, 5015 Salzburg, Österreich"]}],"nutritions":[{"key":"","value":"Unzubereitet"},{"key":" ","value":"100 g"},{"key":"Energie","value":"1197 kJ | 289 kcal"},{"key":"Fett","value":"24 g"},{"key":"Fett, davon gesättigte Fettsäuren","value":"13 g"},{"key":"Kohlenhydrate","value":"0,2 g"},{"key":"Kohlenhydrate, davon Zucker","value":"0,2 g"},{"key":"Ballaststoffe","value":"0 g"},{"key":"Eiweiß","value":"18 g"},{"key":"Salz","value":"3 g"},{"key":"Broteinheiten","value":"0 BE"}],"tags":["Gekühlt","Bio"]},
    {"url":"https://www.interspar.at/shop/lebensmittel/p/8201188","data":[{"key":"price","value":"2,49 €"},{"key":"oldPrice","value":"\n\t\t\t\t\t\n\t\t\t\t\t \n\t\t\t\t"},{"key":"pricePerUnit","value":"(16.60 €/kg)"},{"key":"productDetailsName","value":"SPAR Natur*pur - Bio-Heumilch-Käseaufschnitt in Scheiben - 150 G"},{"key":"detailsDescription","value":"150 G"},{"key":"articleNumber","value":"Artikelnummer: 8201188"},{"key":"Lagerhinweis:","value":["Vor dem Öffnen gekühlt lagern! Geöffnete Packung gekühlt lagern und innerhalb von 3-4 Tagen aufbrauchen."]},{"key":"Zutaten:","value":["Zutaten: Tilsiter (HEUMILCH*, Salz, tierisches Lab), Emmentaler (ROHHEUMILCH*, Salz, mikrobielles Lab), Gouda (HEUMILCH*, Salz, mikrobielles Lab). *aus biologischer Landwirtschaft. In Großbuchstaben angegebene Zutaten enthalten allergene Inhaltsstoffe."]},{"key":"Allergene:","value":["Enthält:Milch und daraus gewonnene Erzeugnisse (inkl. Laktose)"]},{"key":"","value":["frei von Konservierungsstoffen*frei von Farbstoffen*ohne Zusatz von Aromen**lt. EU-VO (EG) 834/2007"]},{"key":"","value":["Glutenfrei"]},{"key":"Bio-Kontrollstelle:","value":["DE-ÖKO-001"]},{"key":"Ökoherkunft:","value":["Österreich-Landwirtschaft"]},{"key":"Identitätskennzeichen:","value":["DE BY-70710 EG"]},{"key":"Zusatztext:","value":["Kontrolliert durch AT-BIO-301."]},{"key":"Ursprungsland/Herkunftsort:","value":["gekäst in Österreich"]},{"key":"Verbrauchen nach dem Öffnen:","value":["3 Tage"]},{"key":"Kontakt:","value":["SPAR Österr. Warenhandels-AG","Europastraße 3, 5015 Salzburg, Österreich"]}],"nutritions":[{"key":"","value":"Unzubereitet"},{"key":" ","value":"100 g"},{"key":"Energie","value":"1603 kJ | 386 kcal"},{"key":"Fett","value":"30 g"},{"key":"Fett, davon gesättigte Fettsäuren","value":"22 g"},{"key":"Kohlenhydrate","value":"0 g"},{"key":"Kohlenhydrate, davon Zucker","value":"0 g"},{"key":"Ballaststoffe","value":"0 g"},{"key":"Eiweiß","value":"29 g"},{"key":"Salz","value":"0,6 g"},{"key":"Broteinheiten","value":"0 BE"},{"key":"","value":"Unzubereitet"},{"key":" ","value":"100 g"},{"key":"Energie","value":"1333 kJ | 321 kcal"},{"key":"Fett","value":"25 g"},{"key":"Fett, davon gesättigte Fettsäuren","value":"15 g"},{"key":"Kohlenhydrate","value":"0 g"},{"key":"Kohlenhydrate, davon Zucker","value":"0 g"},{"key":"Ballaststoffe","value":"0 g"},{"key":"Eiweiß","value":"24 g"},{"key":"Salz","value":"2 g"},{"key":"Broteinheiten","value":"0 BE"},{"key":"","value":"Unzubereitet"},{"key":" ","value":"100 g"},{"key":"Energie","value":"1511 kJ | 364 kcal"},{"key":"Fett","value":"28 g"},{"key":"Fett, davon gesättigte Fettsäuren","value":"18 g"},{"key":"Kohlenhydrate","value":"0 g"},{"key":"Kohlenhydrate, davon Zucker","value":"0 g"},{"key":"Ballaststoffe","value":"0 g"},{"key":"Eiweiß","value":"27 g"},{"key":"Salz","value":"1,8 g"},{"key":"Broteinheiten","value":"0 BE"}],"tags":["Gekühlt","Bio","Glutenfrei","Lactosefrei"]},
    {"url":"https://www.interspar.at/shop/lebensmittel/p/1999822","data":[{"key":"price","value":"0,85 €"},{"key":"oldPrice","value":"\n\t\t\t\t\t\n\t\t\t\t\t \n\t\t\t\t"},{"key":"pricePerUnit","value":"(4.25 €/kg)"},{"key":"productDetailsName","value":"S-BUDGET - Frischkäse Natur - 200 G"},{"key":"detailsDescription","value":"200 G"},{"key":"articleNumber","value":"Artikelnummer: 1999822"},{"key":"Lagerhinweis:","value":["Gekühlt bei +2°C bis +6°C lagern!"]},{"key":"Zutaten:","value":["Zutaten: pasteurisierte MILCH, Salz unjodiert, Verdickungsmittel: Guarkernmehl. In Großbuchstaben angegebene Zutaten enthalten allergene Inhaltsstoffe."]},{"key":"Allergene:","value":["Enthält:Milch und daraus gewonnene Erzeugnisse (inkl. Laktose)"]},{"key":"Identitätskennzeichen:","value":["AT 50124 EG"]},{"key":"Ursprungsland/Herkunftsort:","value":["Qualität aus Österreich"]},{"key":"Kontakt:","value":["SPAR Österr. Warenhandels-AG","Europastraße 3, 5015 Salzburg, Österreich"]}],"nutritions":[{"key":"","value":"Unzubereitet"},{"key":" ","value":"100 g"},{"key":"Energie","value":"1041 kJ | 252 kcal"},{"key":"Fett","value":"24 g"},{"key":"Fett, davon gesättigte Fettsäuren","value":"17,5 g"},{"key":"Kohlenhydrate","value":"2 g"},{"key":"Kohlenhydrate, davon Zucker","value":"2 g"},{"key":"Ballaststoffe","value":"0 g"},{"key":"Eiweiß","value":"7 g"},{"key":"Salz","value":"0,9 g"},{"key":"Broteinheiten","value":"0 BE"}],"tags":["Gekühlt","Glutenfrei","immer Billig"]},
    {"url":"https://www.interspar.at/shop/lebensmittel/p/1999839","data":[{"key":"price","value":"0,85 €"},{"key":"oldPrice","value":"\n\t\t\t\t\t\n\t\t\t\t\t \n\t\t\t\t"},{"key":"pricePerUnit","value":"(4.25 €/kg)"},{"key":"productDetailsName","value":"S-BUDGET - Frischkäse Kren - 200 G"},{"key":"detailsDescription","value":"200 G"},{"key":"articleNumber","value":"Artikelnummer: 1999839"},{"key":"Lagerhinweis:","value":["Vor dem Öffnen gekühlt lagern. Nach dem Öffnen innerhalb weniger Tage verbrauchen."]},{"key":"Zutaten:","value":["Zutaten: Pasteurisierte MILCH, 7% Krenzubereitung (63% Krenwurzel, Wasser, Sonnenblumenöl), Salz unjodiert, Verdickungsmittel: Guakernmehl , MOLKENPROTEIN. In Großbuchstaben angegebene Zutaten enthalten allergene Inhaltsstoffe."]},{"key":"Allergene:","value":["Enthält:Milch und daraus gewonnene Erzeugnisse (inkl. Laktose)"]},{"key":"Identitätskennzeichen:","value":["AT 50124 EG"]},{"key":"Ursprungsland/Herkunftsort:","value":["Qualität aus Österreich"]},{"key":"Kontakt:","value":["SPAR Österr. Warenhandels-AG","Europastraße 3, 5015 Salzburg, Österreich"]}],"nutritions":[{"key":"","value":"Unzubereitet"},{"key":" ","value":"100 g"},{"key":"Energie","value":"1004 kJ | 243 kcal"},{"key":"Fett","value":"23 g"},{"key":"Fett, davon gesättigte Fettsäuren","value":"16,8 g"},{"key":"Kohlenhydrate","value":"2 g"},{"key":"Kohlenhydrate, davon Zucker","value":"2 g"},{"key":"Ballaststoffe","value":"0 g"},{"key":"Eiweiß","value":"7 g"},{"key":"Salz","value":"0,9 g"},{"key":"Broteinheiten","value":"0 BE"}],"tags":["Gekühlt","Glutenfrei","immer Billig"]},
    {"url":"https://www.interspar.at/shop/lebensmittel/p/1999853","data":[{"key":"price","value":"0,85 €"},{"key":"oldPrice","value":"\n\t\t\t\t\t\n\t\t\t\t\t \n\t\t\t\t"},{"key":"pricePerUnit","value":"(4.25 €/kg)"},{"key":"productDetailsName","value":"S-BUDGET - Frischkäse Kräuter - 200 G"},{"key":"detailsDescription","value":"200 G"},{"key":"articleNumber","value":"Artikelnummer: 1999853"},{"key":"Lagerhinweis:","value":["Vor dem Öffnen gekühlt lagern. Nach dem Öffnen innerhalb weniger Tage verbrauchen."]},{"key":"Zutaten:","value":["Zutaten: Pasteurisierte MILCH, Salz unjodiert, Kräuter, Zwiebel, Knoblauchextrakt, Verdickungsmittel: Guarkernmehl, MOLKENPROTEIN. In Großbuchstaben angegebene Zutaten enthalten allergene Inhaltsstoffe."]},{"key":"Allergene:","value":["Enthält:Milch und daraus gewonnene Erzeugnisse (inkl. Laktose)"]},{"key":"Identitätskennzeichen:","value":["AT 50124 EG"]},{"key":"Ursprungsland/Herkunftsort:","value":["Qualität in Österreich"]},{"key":"Kontakt:","value":["SPAR Österr. Warenhandels-AG","Europastraße 3, 5015 Salzburg, Österreich"]}],"nutritions":[{"key":"","value":"Unzubereitet"},{"key":" ","value":"100 g"},{"key":"Energie","value":"1004 kJ | 243 kcal"},{"key":"Fett","value":"23 g"},{"key":"Fett, davon gesättigte Fettsäuren","value":"16,8 g"},{"key":"Kohlenhydrate","value":"2 g"},{"key":"Kohlenhydrate, davon Zucker","value":"2 g"},{"key":"Ballaststoffe","value":"0 g"},{"key":"Eiweiß","value":"7 g"},{"key":"Salz","value":"0,9 g"},{"key":"Broteinheiten","value":"0 BE"}],"tags":["Gekühlt","Glutenfrei","immer Billig"]},
    {"url":"https://www.interspar.at/shop/lebensmittel/p/2020000783589","data":[{"key":"price","value":"2,49 €"},{"key":"oldPrice","value":"\n\t\t\t\t\t\n\t\t\t\t\t \n\t\t\t\t"},{"key":"pricePerUnit","value":"(19.92 €/kg)"},{"key":"productDetailsName","value":"SPAR - Ziegenkäse aus Heumilch in Scheiben - 125 G"},{"key":"detailsDescription","value":"125 G"},{"key":"articleNumber","value":"Artikelnummer: 2020000783589"},{"key":"Lagerhinweis:","value":["Vor und nach dem Öffnen bei +3°C bis +6°C lagern. Nach dem Öffnen innerhalb weniger Tage genießen!"]},{"key":"Zutaten:","value":["Zutaten: pasteurisierte ZIEGENMILCH, Salz, tierisches Lab, Käsereikulturen. In Großbuchstaben angegebene Zutaten enthalten allergene Inhaltsstoffe."]},{"key":"Allergene:","value":["Enthält:Milch und daraus gewonnene Erzeugnisse (inkl. Laktose)"]},{"key":"","value":["Ohne Farbstoffe","Laktosefrei"]},{"key":"Identitätskennzeichen:","value":["AT 40153 EG"]},{"key":"Ursprungsland/Herkunftsort:","value":["Qualität aus Österreich"]},{"key":"Kontakt:","value":["SPAR Österr. Warenhandels-AG","Europastraße 3, 5015 Salzburg, Österreich"]}],"nutritions":[{"key":"","value":"Unzubereitet"},{"key":" ","value":"100 g"},{"key":"Energie","value":"1404 kJ | 338 kcal"},{"key":"Fett","value":"26 g"},{"key":"Fett, davon gesättigte Fettsäuren","value":"17 g"},{"key":"Kohlenhydrate","value":"0 g"},{"key":"Kohlenhydrate, davon Zucker","value":"0 g"},{"key":"Ballaststoffe","value":"0 g"},{"key":"Eiweiß","value":"26 g"},{"key":"Salz","value":"1 g"},{"key":"Broteinheiten","value":"0 BE"},{"key":"Laktose","value":"< 0,1 g"}],"tags":["Gekühlt","Lactosefrei"]},
    {"url":"https://www.interspar.at/shop/lebensmittel/p/2020000783626","data":[{"key":"price","value":"2,99 €"},{"key":"oldPrice","value":"\n\t\t\t\t\t\n\t\t\t\t\t \n\t\t\t\t"},{"key":"pricePerUnit","value":"(19.93 €/kg)"},{"key":"productDetailsName","value":"SPAR - Ziegenkäse aus Heumilch - 150 G"},{"key":"detailsDescription","value":"150 G"},{"key":"articleNumber","value":"Artikelnummer: 2020000783626"},{"key":"Lagerhinweis:","value":["Vor und nach dem Öffnen bei +3°C bis +6°C lagern. Nach dem Öffnen innerhalb weniger Tage genießen!"]},{"key":"Zutaten:","value":["Zutaten: pasteurisierte ZIEGENMILCH, Salz, tierisches Lab, Käsereikulturen. In Großbuchstaben angegebene Zutaten enthalten allergene Inhaltsstoffe."]},{"key":"Allergene:","value":["Enthält:Milch und daraus gewonnene Erzeugnisse (inkl. Laktose)"]},{"key":"","value":["Ohne Farbstoffe","Laktosefrei"]},{"key":"Identitätskennzeichen:","value":["AT 40153 EG"]},{"key":"Ursprungsland/Herkunftsort:","value":["Qualität aus Österreich"]},{"key":"Kontakt:","value":["SPAR Österr. Warenhandels-AG","Europastraße 3, 5015 Salzburg, Österreich"]}],"nutritions":[{"key":"","value":"Unzubereitet"},{"key":" ","value":"100 g"},{"key":"Energie","value":"1552 kJ | 374 kcal"},{"key":"Fett","value":"30 g"},{"key":"Fett, davon gesättigte Fettsäuren","value":"19 g"},{"key":"Kohlenhydrate","value":"0 g"},{"key":"Kohlenhydrate, davon Zucker","value":"0 g"},{"key":"Ballaststoffe","value":"0 g"},{"key":"Eiweiß","value":"26 g"},{"key":"Salz","value":"1,5 g"},{"key":"Broteinheiten","value":"0 BE"},{"key":"Laktose","value":"< 0,01 g"}],"tags":["Gekühlt","Lactosefrei"]},
    {"url":"https://www.interspar.at/shop/lebensmittel/p/5405886","data":[{"key":"price","value":"1,29 €"},{"key":"oldPrice","value":"\n\t\t\t\t\t\n\t\t\t\t\t \n\t\t\t\t"},{"key":"pricePerUnit","value":"(12.90 €/kg)"},{"key":"productDetailsName","value":"SPAR - Kräuter-Frischkäse 6 Portionen - 100 G"},{"key":"detailsDescription","value":"100 G"},{"key":"articleNumber","value":"Artikelnummer: 5405886"},{"key":"Lagerhinweis:","value":["Vor und nach dem Öffnen gekühlt lagern. Nach dem Öffnen alsbald verbrauchen."]},{"key":"Zutaten:","value":["Zutaten: pasteurisierte MILCH, Milchsäurebakterien, Lab, Speisesalz, Knoblauch, Kräuter, Pfeffer. In Großbuchstaben angegebene Zutaten enthalten allergene Inhaltsstoffe."]},{"key":"Allergene:","value":["Enthält:Milch und daraus gewonnene Erzeugnisse (inkl. Laktose)"]},{"key":"Identitätskennzeichen:","value":["FR 55.154.001 CE"]},{"key":"Ursprungsland/Herkunftsort:","value":["Sorgfältig hergestellt in Frankreich"]},{"key":"Kontakt:","value":["SPAR Österr. Warenhandels-AG","Europastraße 3, 5015 Salzburg, Österreich"]}],"nutritions":[{"key":" ","value":"100 g"},{"key":"","value":"Unzubereitet"},{"key":"Energie","value":"1484 kJ | 360 kcal"},{"key":"Fett","value":"35,5 g"},{"key":"Fett, davon gesättigte Fettsäuren","value":"24,1 g"},{"key":"Kohlenhydrate","value":"2 g"},{"key":"Kohlenhydrate, davon Zucker","value":"2 g"},{"key":"Ballaststoffe","value":"0,7 g"},{"key":"Eiweiß","value":"8 g"},{"key":"Salz","value":"1,4 g"},{"key":"Broteinheiten","value":"0,17 BE"},{"key":" ","value":"Portion (16,67 g)"},{"key":"","value":"Unzubereitet"},{"key":"Energie","value":"247 kJ | 60 kcal"},{"key":"Fett","value":"5,9 g"},{"key":"Fett, davon gesättigte Fettsäuren","value":"4 g"},{"key":"Kohlenhydrate","value":"0,3 g"},{"key":"Kohlenhydrate, davon Zucker","value":"0,3 g"},{"key":"Ballaststoffe","value":"0,1 g"},{"key":"Eiweiß","value":"1,3 g"},{"key":"Salz","value":"0,23 g"},{"key":"Broteinheiten","value":"0,03 BE"}],"tags":["Glutenfrei"]},
    {"url":"https://www.interspar.at/shop/lebensmittel/p/6195588","data":[{"key":"price","value":"1,99 €"},{"key":"oldPrice","value":"\n\t\t\t\t\t\n\t\t\t\t\t \n\t\t\t\t"},{"key":"pricePerUnit","value":"(9.95 €/kg)"},{"key":"productDetailsName","value":"SPAR - Emmentaler 45 % F.i.T. in Scheiben - 200 G"},{"key":"detailsDescription","value":"200 G"},{"key":"articleNumber","value":"Artikelnummer: 6195588"},{"key":"Lagerhinweis:","value":["Bei + 4 °C bis + 8 °C lagern. Nach dem Öffnen im Kühlschrank aufbewahren und innerhalb weniger Tage verbrauchen."]},{"key":"Zutaten:","value":["Zutaten: ROHMILCH, Salz, Lab. In Großbuchstaben angegebene Zutaten enthalten allergene Inhaltsstoffe."]},{"key":"Allergene:","value":["Enthält:Milch und daraus gewonnene Erzeugnisse (inkl. Laktose)"]},{"key":"","value":["Laktosefrei"]},{"key":"Identitätskennzeichen:","value":["AT 70148 EG DE BY 7118 EG - Abpacker: siehe Aufdruck Verpackung"]},{"key":"Ursprungsland/Herkunftsort:","value":["Qualität aus Österreich"]},{"key":"Kontakt:","value":["SPAR Österr. Warenhandels-AG","Europastraße 3, 5015 Salzburg, Österreich"]}],"nutritions":[{"key":" ","value":"100 g"},{"key":"","value":"Unzubereitet"},{"key":"Energie","value":"1603 kJ | 386 kcal"},{"key":"Fett","value":"30 g"},{"key":"Fett, davon gesättigte Fettsäuren","value":"19,3 g"},{"key":"Kohlenhydrate","value":"< 0,1 g"},{"key":"Kohlenhydrate, davon Zucker","value":"< 0,1 g"},{"key":"Ballaststoffe","value":"0 g"},{"key":"Eiweiß","value":"29 g"},{"key":"Salz","value":"0,5 g"},{"key":"Broteinheiten","value":"0 BE"}],"tags":["Glutenfrei","Lactosefrei"]},
    {"url":"https://www.interspar.at/shop/lebensmittel/p/1568448","data":[{"key":"price","value":"1,99 €"},{"key":"oldPrice","value":"\n\t\t\t\t\t\n\t\t\t\t\t \n\t\t\t\t"},{"key":"pricePerUnit","value":"(15.92 €/kg)"},{"key":"productDetailsName","value":"SPAR PREMIUM - Mozzarella di Bufala Campana D. O. P. - 125 G"},{"key":"detailsDescription","value":"125 G"},{"key":"articleNumber","value":"Artikelnummer: 1568448"},{"key":"Lagerhinweis:","value":["Vor und nach dem Öffnen gekühlt lagern bei +2°C bis +7°C. Nach dem Öffnen innerhalb von einem Tag aufbrauchen."]},{"key":"Zutaten:","value":["Zutaten: BÜFFELMILCH, Salz, Lab. In Großbuchstaben angegebene Zutaten enthalten allergene Inhaltsstoffe."]},{"key":"Allergene:","value":["Enthält:Milch und daraus gewonnene Erzeugnisse (inkl. Laktose)"]},{"key":"Identitätskennzeichen:","value":["IT 15387 CE"]},{"key":"Zusatztext:","value":["Zertifiziert vom autorisierten Kontrollorgan, autorisiert von Ministero delle Politiche Agricole, Alimentari e Forestali."]},{"key":"Abtropfgewicht:","value":["125 g"]},{"key":"Ursprungsland/Herkunftsort:","value":["aus Kampanien"]},{"key":"Verbrauchen nach dem Öffnen:","value":["1 Tage"]},{"key":"Kontakt:","value":["SPAR Österr. Warenhandels-AG","Europastraße 3, 5015 Salzburg, Österreich"]}],"nutritions":[{"key":" ","value":"100 g"},{"key":"","value":"Unzubereitet"},{"key":"Energie","value":"1024 kJ | 247 kcal"},{"key":"Fett","value":"21 g"},{"key":"Fett, davon gesättigte Fettsäuren","value":"13,6 g"},{"key":"Kohlenhydrate","value":"0,5 g"},{"key":"Kohlenhydrate, davon Zucker","value":"0,5 g"},{"key":"Ballaststoffe","value":"0 g"},{"key":"Eiweiß","value":"14 g"},{"key":"Salz","value":"0,6 g"},{"key":"Broteinheiten","value":"0 BE"}],"tags":["Gekühlt","Glutenfrei"]},
    {"url":"https://www.interspar.at/shop/lebensmittel/p/2956954","data":[{"key":"price","value":"2,19 €"},{"key":"oldPrice","value":"\n\t\t\t\t\t\n\t\t\t\t\t \n\t\t\t\t"},{"key":"pricePerUnit","value":"(17.52 €/kg)"},{"key":"productDetailsName","value":"SPAR PREMIUM Premium - Burrata - 125 G"},{"key":"detailsDescription","value":"125 G"},{"key":"articleNumber","value":"Artikelnummer: 2956954"},{"key":"Lagerhinweis:","value":["Vor und nach dem Öffnen gekühlt lagern. Nach dem Öffnen innerhalb von 3 Tagen verbrauchen."]},{"key":"Zutaten:","value":["Zutaten: MILCH 69%, SAHNE 30%, Salz, Lab, Milchsäurebakterien. In Großbuchstaben angegebene Zutaten enthalten allergene Inhaltsstoffe."]},{"key":"Allergene:","value":["Enthält:Milch und daraus gewonnene Erzeugnisse (inkl. Laktose)"]},{"key":"Identitätskennzeichen:","value":["IT 1144 CE"]},{"key":"Abtropfgewicht:","value":["0,125 Kg"]},{"key":"Kontakt:","value":["SPAR Österr. Warenhandels-AG","Europastr. 3, 5015 Salzburg, Österreich"]}],"nutritions":[{"key":" ","value":"100 g"},{"key":"","value":"Unzubereitet"},{"key":"Energie","value":"990 kJ | 239 kcal"},{"key":"Fett","value":"21 g"},{"key":"Fett, davon gesättigte Fettsäuren","value":"15 g"},{"key":"Kohlenhydrate","value":"1,5 g"},{"key":"Kohlenhydrate, davon Zucker","value":"0,7 g"},{"key":"Ballaststoffe","value":"0 g"},{"key":"Eiweiß","value":"12 g"},{"key":"Salz","value":"0,32 g"},{"key":"Broteinheiten","value":"0,1 BE"}],"tags":["Gekühlt"]},
    {"url":"https://www.interspar.at/shop/lebensmittel/p/3075654","data":[{"key":"price","value":"1,99 €"},{"key":"oldPrice","value":"\n\t\t\t\t\t\n\t\t\t\t\t \n\t\t\t\t"},{"key":"pricePerUnit","value":"(16.58 €/kg)"},{"key":"productDetailsName","value":"SPAR PREMIUM - Mozzarella di Bufala Campana D.O.P. Mini - 120 G"},{"key":"detailsDescription","value":"120 G"},{"key":"articleNumber","value":"Artikelnummer: 3075654"},{"key":"Lagerhinweis:","value":["Vor und nach dem Öffnen gekühlt lagern bei +2°C und +7°C. Nach dem Öffnen innerhalb von einem Tag aufbrauchen."]},{"key":"Zutaten:","value":["Zutaten: pasteurisierte BÜFFELMILCH, Salz, Lab. In Großbuchstaben angegebene Zutaten enthalten allergene Inhaltsstoffe."]},{"key":"Allergene:","value":["Enthält:Milch und daraus gewonnene Erzeugnisse (inkl. Laktose)"]},{"key":"Identitätskennzeichen:","value":["IT 15387 CE"]},{"key":"Zusatztext:","value":["Zertifiziert vom autorisierten Kontrollorgan, autorisiert von Ministero delle Politiche Agricole, Alimentari e Forestali."]},{"key":"Abtropfgewicht:","value":["120 g"]},{"key":"Ursprungsland/Herkunftsort:","value":["aus Kampanien"]},{"key":"Verbrauchen nach dem Öffnen:","value":["1 Tage"]},{"key":"Kontakt:","value":["SPAR Österr. Warenhandels-AG","Europastraße 3, 5015 Salzburg, Österreich"]}],"nutritions":[{"key":" ","value":"100 g"},{"key":"","value":"Unzubereitet"},{"key":"Energie","value":"1124 kJ | 247 kcal"},{"key":"Fett","value":"21 g"},{"key":"Fett, davon gesättigte Fettsäuren","value":"13,6 g"},{"key":"Kohlenhydrate","value":"0,5 g"},{"key":"Kohlenhydrate, davon Zucker","value":"0,5 g"},{"key":"Eiweiß","value":"14 g"},{"key":"Salz","value":"0,6 g"},{"key":"Broteinheiten","value":"0 BE"}],"tags":["Gekühlt","Glutenfrei"]},
    {"url":"https://www.interspar.at/shop/lebensmittel/p/2020000620068","data":[{"key":"price","value":"0,66 €"},{"key":"oldPrice","value":"\n\t\t\t\t\t\n\t\t\t\t\tstatt 0,99 €\n\t\t\t\t"},{"key":"pricePerUnit","value":"(6.60 €/kg)"},{"key":"productDetailsName","value":"Schärdinger - Bojar getrocknete Tomate - 100 G"},{"key":"detailsDescription","value":"100 G"},{"key":"articleNumber","value":"Artikelnummer: 2020000620068"},{"key":"Lagerhinweis:","value":["Vor und nach dem Öffnen gekühlt (3-6°C) lagern. Nach dem Öffnen innerhalb weniger Tage verbrauchen."]},{"key":"Zutaten:","value":["Zutaten: RAHM, MAGERTOPFEN* , Wasser, Tomatenmark, 2% getrocknete Tomaten, Zucker, Speisesalz, MOLKENEIWEISS, Tomatenpulver, Knoblauch, Basilikum, modifizierte Stärke, Paprikaextrakt, Paprika, Karottenkonzentrat, Verdickungsmittel Guarkernmehl. *mit erhöhtem Gehalt an Molkeneiweiß. In Großbuchstaben angegebene Zutaten enthalten allergene Inhaltsstoffe."]},{"key":"Allergene:","value":["Enthält:Milch und daraus gewonnene Erzeugnisse (inkl. Laktose)"]},{"key":"Identitätskennzeichen:","value":["AT 30751 EG"]},{"key":"Ursprungsland/Herkunftsort:","value":["Österreich"]},{"key":"Kontakt:","value":["Berglandmilch eGen","Schubertstraße 30, 4600 Wels, Österreich"]}],"nutritions":[{"key":"","value":"Unzubereitet"},{"key":" ","value":"100 g"},{"key":"Energie","value":"1184 kJ | 286 kcal"},{"key":"Fett","value":"26 g"},{"key":"Fett, davon gesättigte Fettsäuren","value":"17 g"},{"key":"Kohlenhydrate","value":"5,3 g"},{"key":"Kohlenhydrate, davon Zucker","value":"4,9 g"},{"key":"Eiweiß","value":"7,6 g"},{"key":"Salz","value":"1,1 g"}],"tags":["Gekühlt"]},
    {"url":"https://www.interspar.at/shop/lebensmittel/p/2888262","data":[{"key":"price","value":"1,19 €"},{"key":"oldPrice","value":"\n\t\t\t\t\t\n\t\t\t\t\t \n\t\t\t\t"},{"key":"pricePerUnit","value":"(7.93 €/kg)"},{"key":"productDetailsName","value":"SPAR free from - Frischkäse Natur - 150 G"},{"key":"detailsDescription","value":"150 G"},{"key":"articleNumber","value":"Artikelnummer: 2888262"},{"key":"Lagerhinweis:","value":["Vor und nach dem Öffnen gekühlt bei +2° bis +6°C lagern. Nach dem Öffnen innerhalb weniger Tage verbrauchen."]},{"key":"Zutaten:","value":["Zutaten: Frischkäse* (MILCH, RAHM, Lab, Milchsäurebakterien), Salz, Verdickungsmittel: Johannisbrotkernmehl. *laktosefrei. In Großbuchstaben angegebene Zutaten enthalten allergene Inhaltsstoffe."]},{"key":"Allergene:","value":["Enthält:Milch und daraus gewonnene Erzeugnisse (inkl. Laktose)"]},{"key":"","value":["Laktosefrei"]},{"key":"Identitätskennzeichen:","value":["AT 30751 EG"]},{"key":"Ursprungsland/Herkunftsort:","value":["Qualität aus Österreich"]},{"key":"Kontakt:","value":["SPAR Österr. Warenhandels-AG","Europastraße 3, 5015 Salzburg, Österreich"]}],"nutritions":[{"key":"","value":"Unzubereitet"},{"key":" ","value":"100 g"},{"key":"Energie","value":"1068 kJ | 258 kcal"},{"key":"Fett","value":"24 g"},{"key":"Fett, davon gesättigte Fettsäuren","value":"16 g"},{"key":"Kohlenhydrate","value":"3,1 g"},{"key":"Kohlenhydrate, davon Zucker","value":"3,1 g"},{"key":"Ballaststoffe","value":"0,2 g"},{"key":"Eiweiß","value":"7,4 g"},{"key":"Salz","value":"1 g"},{"key":"Broteinheiten","value":"0,3 BE"},{"key":"Laktose","value":"< 0,1 g"}],"tags":["Gekühlt","Lactosefrei"]},
    {"url":"https://www.interspar.at/shop/lebensmittel/p/2888293","data":[{"key":"price","value":"1,19 €"},{"key":"oldPrice","value":"\n\t\t\t\t\t\n\t\t\t\t\t \n\t\t\t\t"},{"key":"pricePerUnit","value":"(7.93 €/kg)"},{"key":"productDetailsName","value":"SPAR free from - Frischkäse Kräuter - 150 G"},{"key":"detailsDescription","value":"150 G"},{"key":"articleNumber","value":"Artikelnummer: 2888293"},{"key":"Lagerhinweis:","value":["Vor und nach dem Öffnen gekühlt bei 2-6°C lagern. Nach dem Öffnen innerhalb weniger Tage verbrauchen."]},{"key":"Zutaten:","value":["Zutaten: Frischkäse* (MILCH, RAHM, Lab, Milchsäurebakterien), Kräuterzubereitung (Petersilie, Schnittlauch, Zwiebel, Salz, Zucker, Gewürze, Kren, Stärke), Salz, Verdickungsmittel: Johannisbrotkernmehl. *laktosefrei. In Großbuchstaben angegebene Zutaten enthalten allergene Inhaltsstoffe."]},{"key":"Allergene:","value":["Enthält:Milch und daraus gewonnene Erzeugnisse (inkl. Laktose)"]},{"key":"","value":["Laktosefrei"]},{"key":"Identitätskennzeichen:","value":["AT 30751 EG"]},{"key":"Ursprungsland/Herkunftsort:","value":["Qualität aus Österreich"]},{"key":"Kontakt:","value":["SPAR Österr. Warenhandels-AG","Europastraße 3, 5015 Salzburg, Österreich"]}],"nutritions":[{"key":"","value":"Unzubereitet"},{"key":" ","value":"100 g"},{"key":"Energie","value":"1037 kJ | 251 kcal"},{"key":"Fett","value":"23 g"},{"key":"Fett, davon gesättigte Fettsäuren","value":"15 g"},{"key":"Kohlenhydrate","value":"3,3 g"},{"key":"Kohlenhydrate, davon Zucker","value":"3,1 g"},{"key":"Ballaststoffe","value":"0,4 g"},{"key":"Eiweiß","value":"7 g"},{"key":"Salz","value":"0,94 g"},{"key":"Broteinheiten","value":"0,3 BE"},{"key":"Laktose","value":"< 0,1 g"}],"tags":["Gekühlt","Lactosefrei"]},
    {"url":"https://www.interspar.at/shop/lebensmittel/p/3555118","data":[{"key":"price","value":"1,55 €"},{"key":"oldPrice","value":"\n\t\t\t\t\t\n\t\t\t\t\t \n\t\t\t\t"},{"key":"pricePerUnit","value":"(7.75 €/kg)"},{"key":"productDetailsName","value":"Schärdinger - Landfrischkäse Sommergemüse - 200 G"},{"key":"detailsDescription","value":"200 G"},{"key":"articleNumber","value":"Artikelnummer: 3555118"},{"key":"Lagerhinweis:","value":["Vor und nach dem Öffnen gekühlt (3-6 °C) lagern. Nach dem Öffnen innerhalb weniger Tage verbrauchen."]},{"key":"Zutaten:","value":["Zutaten: COTTAGE CHEESE, 9% Gemüse pasteurisiert (Karotten, Gurken, Paprika, Zwiebeln), Salz, Zucker, modifizierte Stärke, Weinessig, Gewürze. In Großbuchstaben angegebene Zutaten enthalten allergene Inhaltsstoffe."]},{"key":"Allergene:","value":["Enthält:Milch und daraus gewonnene Erzeugnisse (inkl. Laktose)"]},{"key":"Identitätskennzeichen:","value":["AT 40157 EG"]},{"key":"Kontakt:","value":["Berglandmilch eGen","Schubertstraße 30, 4600 Wels, Österreich"]}],"nutritions":[{"key":"","value":"Unzubereitet"},{"key":" ","value":"100 g"},{"key":"Energie","value":"310 kJ | 74 kcal"},{"key":"Fett","value":"1,9 g"},{"key":"Fett, davon gesättigte Fettsäuren","value":"1,2 g"},{"key":"Kohlenhydrate","value":"2,7 g"},{"key":"Kohlenhydrate, davon Zucker","value":"2,7 g"},{"key":"Eiweiß","value":"11 g"},{"key":"Salz","value":"0,9 g"}],"tags":["Glutenfrei"]},
    {"url":"https://www.interspar.at/shop/lebensmittel/p/3555156","data":[{"key":"price","value":"0,66 €"},{"key":"oldPrice","value":"\n\t\t\t\t\t\n\t\t\t\t\tstatt 0,99 €\n\t\t\t\t"},{"key":"pricePerUnit","value":"(6.60 €/kg)"},{"key":"productDetailsName","value":"Schärdinger - Bojar Kräuter - 100 G"},{"key":"detailsDescription","value":"100 G"},{"key":"articleNumber","value":"Artikelnummer: 3555156"},{"key":"Lagerhinweis:","value":["Vor und nach dem Öffnen gekühlt lagern. Nach dem Öffnen innerhalb weniger Tage verbrauchen."]},{"key":"Zutaten:","value":["Zutaten: RAHM, MAGERTOPFEN*, Knoblauchpulver, Speisesalz, Schnittlauch, Petersilie, Dill, Pfeffer, modifizierte Stärke, Verdickungsmittel: Xanthan. *mit erhöhtem Gehalt an Molkeneiweiß. In Großbuchstaben angegebene Zutaten enthalten allergene Inhaltsstoffe."]},{"key":"Allergene:","value":["Enthält:Milch und daraus gewonnene Erzeugnisse (inkl. Laktose)"]},{"key":"Identitätskennzeichen:","value":["AT 30751 EG"]},{"key":"Kontakt:","value":["Berglandmilch eGen","Schubertstraße 30, 4600 Wels, Österreich"]}],"nutritions":[{"key":"","value":"Unzubereitet"},{"key":" ","value":"100 g"},{"key":"Energie","value":"1283 kJ | 310 kcal"},{"key":"Fett","value":"29 g"},{"key":"Fett, davon gesättigte Fettsäuren","value":"19 g"},{"key":"Kohlenhydrate","value":"4 g"},{"key":"Kohlenhydrate, davon Zucker","value":"3,2 g"},{"key":"Eiweiß","value":"8,9 g"},{"key":"Salz","value":"0,5 g"}],"tags":["Glutenfrei"]},
    {"url":"https://www.interspar.at/shop/lebensmittel/p/3584125","data":[{"key":"price","value":"0,66 €"},{"key":"oldPrice","value":"\n\t\t\t\t\t\n\t\t\t\t\tstatt 0,99 €\n\t\t\t\t"},{"key":"pricePerUnit","value":"(6.60 €/kg)"},{"key":"productDetailsName","value":"Schärdinger - Bojar Kren-Karotte - 100 G"},{"key":"detailsDescription","value":"100 G"},{"key":"articleNumber","value":"Artikelnummer: 3584125"},{"key":"Lagerhinweis:","value":["Vor und nach dem Öffnen gekühlt lagern. Nach dem Öffnen innerhalb weniger Tage verbrauchen."]},{"key":"Zutaten:","value":["Zutaten: RAHM, MAGERTOPFEN*, 6,6% Kren, Speisesalz, 1,1% Karottenstücke, Sonnenblumenöl, Zucker, Weingeistessig, Verdickungsmittel: Guarkernmehl, Säuerungsmittel: Citronensäure. *mit erhöhtem Gehalt an Molkeneiweiß. In Großbuchstaben angegebene Zutaten enthalten allergene Inhaltsstoffe."]},{"key":"Allergene:","value":["Enthält:Milch und daraus gewonnene Erzeugnisse (inkl. Laktose)"]},{"key":"Identitätskennzeichen:","value":["AT 30751 EG"]},{"key":"Kontakt:","value":["Berglandmilch eGen","Schubertstraße 30, 4600 Wels, Österreich"]}],"nutritions":[{"key":"","value":"Unzubereitet"},{"key":" ","value":"100 g"},{"key":"Energie","value":"1331 kJ | 322 kcal"},{"key":"Fett","value":"30 g"},{"key":"Fett, davon gesättigte Fettsäuren","value":"19 g"},{"key":"Kohlenhydrate","value":"4,4 g"},{"key":"Kohlenhydrate, davon Zucker","value":"3,8 g"},{"key":"Eiweiß","value":"7,7 g"},{"key":"Salz","value":"1 g"}],"tags":["Glutenfrei"]},
    {"url":"https://www.interspar.at/shop/lebensmittel/p/4254300","data":[{"key":"price","value":"1,55 €"},{"key":"oldPrice","value":"\n\t\t\t\t\t\n\t\t\t\t\t \n\t\t\t\t"},{"key":"pricePerUnit","value":"(7.75 €/kg)"},{"key":"productDetailsName","value":"Schärdinger Meine Linie - Landfrischkäse Natur - 200 G"},{"key":"detailsDescription","value":"200 G"},{"key":"articleNumber","value":"Artikelnummer: 4254300"},{"key":"Lagerhinweis:","value":["Vor und nach dem Öffnen gekühlt bei 3-6 °C lagern. Nach dem Öffnen innerhalb weniger Tage verbrauchen."]},{"key":"Zutaten:","value":["Zutaten: Laktosefreier COTTAGE CHEESE, Salz. In Großbuchstaben angegebene Zutaten enthalten allergene Inhaltsstoffe."]},{"key":"Allergene:","value":["Enthält:Milch und daraus gewonnene Erzeugnisse (inkl. Laktose)"]},{"key":"","value":["Laktosefrei"]},{"key":"Identitätskennzeichen:","value":["AT 40157 EG"]},{"key":"Kontakt:","value":["Berglandmilch eGen","Schubertstraße 30, 4600 Wels, Österreich"]}],"nutritions":[{"key":"","value":"Unzubereitet"},{"key":" ","value":"100 g"},{"key":"Energie","value":"353 kJ | 84 kcal"},{"key":"Fett","value":"2,2 g"},{"key":"Fett, davon gesättigte Fettsäuren","value":"1,4 g"},{"key":"Kohlenhydrate","value":"3 g"},{"key":"Kohlenhydrate, davon Zucker","value":"3 g"},{"key":"Eiweiß","value":"13 g"},{"key":"Salz","value":"0,75 g"}],"tags":["Gekühlt","Lactosefrei"]},
    {"url":"https://www.interspar.at/shop/lebensmittel/p/5508426","data":[{"key":"price","value":"1,55 €"},{"key":"oldPrice","value":"\n\t\t\t\t\t\n\t\t\t\t\t \n\t\t\t\t"},{"key":"pricePerUnit","value":"(7.75 €/kg)"},{"key":"productDetailsName","value":"Schärdinger Schlanke Linie - Landfrischkäse leicht Natur - 200 G"},{"key":"detailsDescription","value":"200 G"},{"key":"articleNumber","value":"Artikelnummer: 5508426"},{"key":"Lagerhinweis:","value":["Vor und nach dem Öffnen gekühlt lagern. Nach dem Öffnen innerhalb weniger Tage verbrauchen."]},{"key":"Zutaten:","value":["Zutaten: MAGERMILCH, Inulin (1,2%), Speisesalz, mikrobielles Lab, Milchsäurekulturen. In Großbuchstaben angebene Zutaten enthalten allergene Inhaltsstoffe."]},{"key":"Allergene:","value":["Enthält:Milch und daraus gewonnene Erzeugnisse (inkl. Laktose)"]},{"key":"Identitätskennzeichen:","value":["AT 40157 EG"]},{"key":"Kontakt:","value":["Berglandmilch eGen","Schubertstraße 30, 4600 Wels, Österreich"]}],"nutritions":[{"key":"","value":"Unzubereitet"},{"key":" ","value":"100 g"},{"key":"Energie","value":"282 kJ | 67 kcal"},{"key":"Fett","value":"0,1 g"},{"key":"Fett, davon gesättigte Fettsäuren","value":"< 0,1 g"},{"key":"Kohlenhydrate","value":"3,5 g"},{"key":"Kohlenhydrate, davon Zucker","value":"3,5 g"},{"key":"Eiweiß","value":"12 g"},{"key":"Salz","value":"0,6 g"}],"tags":["Glutenfrei"]},
    {"url":"https://www.interspar.at/shop/lebensmittel/p/5508440","data":[{"key":"price","value":"1,55 €"},{"key":"oldPrice","value":"\n\t\t\t\t\t\n\t\t\t\t\t \n\t\t\t\t"},{"key":"pricePerUnit","value":"(7.75 €/kg)"},{"key":"productDetailsName","value":"Schärdinger - Landfrischkäse Natur - 200 G"},{"key":"detailsDescription","value":"200 G"},{"key":"articleNumber","value":"Artikelnummer: 5508440"},{"key":"Lagerhinweis:","value":["Vor und nach dem Öffnen gekühlt lagern. Nach dem Öffnen innerhalb weniger Tage verbrauchen."]},{"key":"Zutaten:","value":["Zutaten: COTTAGE CHEESE, Salz. In Großbuchstaben angegebene Zutaten enthalten allergene Inhaltsstoffe."]},{"key":"Allergene:","value":["Enthält:Milch und daraus gewonnene Erzeugnisse (inkl. Laktose)"]},{"key":"Identitätskennzeichen:","value":["AT 40157 EG"]},{"key":"Kontakt:","value":["Berglandmilch eGen","Schubertstraße 30, 4600 Wels, Österreich"]}],"nutritions":[{"key":"","value":"Unzubereitet"},{"key":" ","value":"100 g"},{"key":"Energie","value":"430 kJ | 103 kcal"},{"key":"Fett","value":"4,5 g"},{"key":"Fett, davon gesättigte Fettsäuren","value":"2,9 g"},{"key":"Kohlenhydrate","value":"3 g"},{"key":"Kohlenhydrate, davon Zucker","value":"3 g"},{"key":"Eiweiß","value":"13 g"},{"key":"Salz","value":"0,6 g"}],"tags":["Glutenfrei"]},
    {"url":"https://www.interspar.at/shop/lebensmittel/p/5508464","data":[{"key":"price","value":"1,55 €"},{"key":"oldPrice","value":"\n\t\t\t\t\t\n\t\t\t\t\t \n\t\t\t\t"},{"key":"pricePerUnit","value":"(7.75 €/kg)"},{"key":"productDetailsName","value":"Schärdinger - Landfrischkäse Schnittlauch - 200 G"},{"key":"detailsDescription","value":"200 G"},{"key":"articleNumber","value":"Artikelnummer: 5508464"},{"key":"Lagerhinweis:","value":["Vor und nach dem Öffnen gekühlt lagern. Nach dem Öffnen innerhalb weniger Tage verbrauchen."]},{"key":"Zutaten:","value":["Zutaten: COTTAGE CHEESE, Salz, Schnittlauch, Zwiebel. In Großbuchstaben angegebene Zutaten enthalten allergene Inhaltsstoffe."]},{"key":"Allergene:","value":["Enthält:Milch und daraus gewonnene Erzeugnisse (inkl. Laktose)"]},{"key":"Identitätskennzeichen:","value":["AT 40157 EG"]},{"key":"Kontakt:","value":["Berglandmilch eGen","Schubertstraße 30, 4600 Wels, Österreich"]}],"nutritions":[{"key":"","value":"Unzubereitet"},{"key":" ","value":"100 g"},{"key":"Energie","value":"430 kJ | 103 kcal"},{"key":"Fett","value":"4,5 g"},{"key":"Fett, davon gesättigte Fettsäuren","value":"2,9 g"},{"key":"Kohlenhydrate","value":"3 g"},{"key":"Kohlenhydrate, davon Zucker","value":"3 g"},{"key":"Eiweiß","value":"13 g"},{"key":"Salz","value":"0,6 g"}],"tags":["Glutenfrei"]},
    {"url":"https://www.interspar.at/shop/lebensmittel/p/5574377","data":[{"key":"price","value":"1,10 €"},{"key":"oldPrice","value":"\n\t\t\t\t\t\n\t\t\t\t\t \n\t\t\t\t"},{"key":"pricePerUnit","value":"(21.90 €/kg)"},{"key":"productDetailsName","value":"Schärdinger - Rollino Kräuter - 1 KG"},{"key":"detailsDescription","value":"1 KG"},{"key":"articleNumber","value":"Artikelnummer: 5574377"},{"key":"Lagerhinweis:","value":["Gekühlt (bei max. +6°C) lagern."]},{"key":"Zutaten:","value":["Zutaten: FRISCHKÄSE, Speisesalz, Schnittlauch, Petersilie, Zwiebel, Spinat, Majoran, Knoblauch, Pfeffer, Oregano, Konservierungsstoff: Kaliumsorbat. In Großbuchstaben angegebene Zutaten enthalten allergene Inhaltsstoffe."]},{"key":"Allergene:","value":["Enthält:Milch und daraus gewonnene Erzeugnisse (inkl. Laktose)"]},{"key":"Kontakt:","value":["Berglandmilch eGen","Schubertstraße 30, 4600 Wels, Österreich"]}],"nutritions":[{"key":"","value":"Unzubereitet"},{"key":" ","value":"100 g"},{"key":"Energie","value":"1293 kJ | 313 kcal"},{"key":"Fett","value":"29 g"},{"key":"Fett, davon gesättigte Fettsäuren","value":"19 g"},{"key":"Kohlenhydrate","value":"4,5 g"},{"key":"Kohlenhydrate, davon Zucker","value":"4,5 g"},{"key":"Eiweiß","value":"8,3 g"},{"key":"Salz","value":"1,25 g"}],"tags":["Gekühlt","Glutenfrei"]},
    {"url":"https://www.interspar.at/shop/lebensmittel/p/5979868","data":[{"key":"price","value":"1,15 €"},{"key":"oldPrice","value":"\n\t\t\t\t\t\n\t\t\t\t\t \n\t\t\t\t"},{"key":"pricePerUnit","value":"(9.20 €/kg)"},{"key":"productDetailsName","value":"Schärdinger - Gervais mit feinen Kräutern 2 x 62,5 g - 125 G"},{"key":"detailsDescription","value":"125 G"},{"key":"articleNumber","value":"Artikelnummer: 5979868"},{"key":"Lagerhinweis:","value":["Gekühlt lagern."]},{"key":"Zutaten:","value":["Zutaten: GERVAIS, Speisesalz, Zwiebeln, Petersilie, Schnittlauch, Kren, Zucker, modifizierte Stärke, Knoblauch, Pfeffer, natürliches Aroma, Verdickungsmittel: Guarkernmehl. In Großbuchstaben angegebene Zutaten enthalten allergene Inhaltsstoffe."]},{"key":"Allergene:","value":["Enthält:Milch und daraus gewonnene Erzeugnisse (inkl. Laktose)"]},{"key":"Identitätskennzeichen:","value":["AT 30751 EG"]},{"key":"Kontakt:","value":["Berglandmilch eGen","Schubertstraße 30, 4600 Wels, Österreich"]}],"nutritions":[{"key":"","value":"Unzubereitet"},{"key":" ","value":"100 g"},{"key":"Energie","value":"1210 kJ | 293 kcal"},{"key":"Fett","value":"28 g"},{"key":"Fett, davon gesättigte Fettsäuren","value":"18 g"},{"key":"Kohlenhydrate","value":"3,5 g"},{"key":"Kohlenhydrate, davon Zucker","value":"3,4 g"},{"key":"Eiweiß","value":"7,8 g"},{"key":"Salz","value":"1,3 g"}],"tags":["Glutenfrei"]},
    {"url":"https://www.interspar.at/shop/lebensmittel/p/6248208","data":[{"key":"price","value":"0,92 €"},{"key":"oldPrice","value":"\n\t\t\t\t\t\n\t\t\t\t\t \n\t\t\t\t"},{"key":"pricePerUnit","value":"(18.50 €/kg)"},{"key":"productDetailsName","value":"Alma - Kräuterschatz - 1 KG"},{"key":"detailsDescription","value":"1 KG"},{"key":"articleNumber","value":"Artikelnummer: 6248208"},{"key":"Lagerhinweis:","value":["Gekühlt lagern."]},{"key":"Zutaten:","value":["Zutaten: Thermisierte HEUMILCH, Käsereikulturen, Salz, natuerliches Lab. In Großbuchstaben angegebene Zutaten enthalten allergene Inhaltsstoffe."]},{"key":"Allergene:","value":["Enthält:Milch und daraus gewonnene Erzeugnisse (inkl. Laktose)"]},{"key":"","value":["Laktosefrei"]},{"key":"Identitätskennzeichen:","value":["DE BY 70710 EG"]},{"key":"Ursprungsland/Herkunftsort:","value":["Österreich"]},{"key":"Kontakt:","value":["Alma","Krüzastrasse 8, 6912 Hörbranz, Österreich"]}],"nutritions":[{"key":"","value":"Unzubereitet"},{"key":" ","value":"100 g"},{"key":"Energie","value":"1484 kJ | 358 kcal"},{"key":"Fett","value":"30 g"},{"key":"Fett, davon gesättigte Fettsäuren","value":"19 g"},{"key":"Kohlenhydrate","value":"0 g"},{"key":"Kohlenhydrate, davon Zucker","value":"0 g"},{"key":"Eiweiß","value":"22 g"},{"key":"Salz","value":"1,8 g"}],"tags":["Gekühlt","Lactosefrei"]},
    {"url":"https://www.interspar.at/shop/lebensmittel/p/6561741","data":[{"key":"price","value":"2,79 €"},{"key":"oldPrice","value":"\n\t\t\t\t\t\n\t\t\t\t\t \n\t\t\t\t"},{"key":"pricePerUnit","value":"(15.50 €/kg)"},{"key":"productDetailsName","value":"Die Käsemacher - Scharfe Pfefferoni gefüllt mit Frischkäse - 180 G"},{"key":"detailsDescription","value":"180 G"},{"key":"articleNumber","value":"Artikelnummer: 6561741"},{"key":"Lagerhinweis:","value":["Gekühlt (bei +4°C bis +7°C). Nach dem Öffnen innerhalb von 3 Tagen aufbrauchen."]},{"key":"Zutaten:","value":["Zutaten: 44% Rapsöl, 29% scharfe Pfefferoni, 27% Frischkäsezubereitung mind. 45% Fett i. Tr. (Frischkäse aus pasteurisierter KUH- und SCHAFMILCH, Speisesalz, Gewürze, Verdickungsmittel: Guarkernmehl, Konservierungsstoff: Kaliumsorbat). In Großbuchstaben angegebene Zutaten enthalten allergene Inhaltsstoffe."]},{"key":"Allergene:","value":["Enthält:Milch und daraus gewonnene Erzeugnisse (inkl. Laktose)"]},{"key":"Identitätskennzeichen:","value":["AT 30209 EG"]},{"key":"Abtropfgewicht:","value":["100 g"]},{"key":"Verbrauchen nach dem Öffnen:","value":["3 Tage"]},{"key":"Kontakt:","value":["Die Käsemacher","Europastraße 5, 3902 Vitis, Österreich"]}],"nutritions":[{"key":"","value":"Unzubereitet"},{"key":" ","value":"100 g"},{"key":"Energie","value":"803 kJ | 194 kcal"},{"key":"Fett","value":"16 g"},{"key":"Fett, davon gesättigte Fettsäuren","value":"7,1 g"},{"key":"Kohlenhydrate","value":"3,4 g"},{"key":"Kohlenhydrate, davon Zucker","value":"3,1 g"},{"key":"Eiweiß","value":"7,7 g"},{"key":"Salz","value":"0,88 g"}],"tags":["Gekühlt","Glutenfrei"]},
    {"url":"https://www.interspar.at/shop/lebensmittel/p/6945879","data":[{"key":"price","value":"2,19 €"},{"key":"oldPrice","value":"\n\t\t\t\t\t\n\t\t\t\t\t \n\t\t\t\t"},{"key":"pricePerUnit","value":"(21.90 €/kg)"},{"key":"productDetailsName","value":"Die Käsemacher - Ziegenkäserolle mit Schnittlauch - 100 G"},{"key":"detailsDescription","value":"100 G"},{"key":"articleNumber","value":"Artikelnummer: 6945879"},{"key":"Lagerhinweis:","value":["Gekühlt bei +4°C bis +7°C lagern. Nach dem Öffnen innerhalb von 3 Tagen verbrauchen."]},{"key":"Zutaten:","value":["Zutaten: 99% Ziegenfrischkäsezubereitung mind. 45% Fett i. Tr. (ZIEGENFRISCHKÄSE, Speisesalz, Knoblauch, Verdickungsmittel: Guarkernmehl, Konservierungsstoff: Kaliumsorbat), Schnittlauch 1%. In Großbuchstaben angegebene Zutaten enthalten allergene Inhaltsstoffe."]},{"key":"Allergene:","value":["Enthält:Milch und daraus gewonnene Erzeugnisse (inkl. Laktose)"]},{"key":"Identitätskennzeichen:","value":["AT 30209 EG"]},{"key":"Verbrauchen nach dem Öffnen:","value":["3 Tage"]},{"key":"Kontakt:","value":["Die Käsemacher","Europastraße 5, 3902 Vitis, Österreich"]}],"nutritions":[{"key":"","value":"Unzubereitet"},{"key":" ","value":"100 g"},{"key":"Energie","value":"1212 kJ | 292 kcal"},{"key":"Fett","value":"24 g"},{"key":"Fett, davon gesättigte Fettsäuren","value":"17 g"},{"key":"Kohlenhydrate","value":"2,1 g"},{"key":"Kohlenhydrate, davon Zucker","value":"1,8 g"},{"key":"Eiweiß","value":"17 g"},{"key":"Salz","value":"0,79 g"}],"tags":["Gekühlt","Glutenfrei"]},
    {"url":"https://www.interspar.at/shop/lebensmittel/p/5979882","data":[{"key":"price","value":"1,15 €"},{"key":"oldPrice","value":"\n\t\t\t\t\t\n\t\t\t\t\t \n\t\t\t\t"},{"key":"pricePerUnit","value":"(9.20 €/kg)"},{"key":"productDetailsName","value":"Schärdinger - Gervais besonders mild - 125 G"},{"key":"detailsDescription","value":"125 G"},{"key":"articleNumber","value":"Artikelnummer: 5979882"},{"key":"Lagerhinweis:","value":["Gekühlt lagern."]},{"key":"Zutaten:","value":["Zutaten: GERVAIS, Speisesalz. In Großbuchstaben angegebene Zutaten enthalten allergene Inhaltsstoffe."]},{"key":"Allergene:","value":["Enthält:Milch und daraus gewonnene Erzeugnisse (inkl. Laktose)"]},{"key":"Identitätskennzeichen:","value":["AT 30751 EG"]},{"key":"Kontakt:","value":["Berglandmilch eGen","Schubertstraße 30, 4600 Wels, Österreich"]}],"nutritions":[{"key":"","value":"Unzubereitet"},{"key":" ","value":"100 g"},{"key":"Energie","value":"1280 kJ | 310 kcal"},{"key":"Fett","value":"29 g"},{"key":"Fett, davon gesättigte Fettsäuren","value":"19 g"},{"key":"Kohlenhydrate","value":"3,7 g"},{"key":"Kohlenhydrate, davon Zucker","value":"3,7 g"},{"key":"Eiweiß","value":"8,5 g"},{"key":"Salz","value":"0,5 g"}],"tags":["Glutenfrei"]},
    {"url":"https://www.interspar.at/shop/lebensmittel/p/1386448","data":[{"key":"price","value":"0,95 €"},{"key":"oldPrice","value":"\n\t\t\t\t\t\n\t\t\t\t\t \n\t\t\t\t"},{"key":"pricePerUnit","value":"(3.80 €/kg)"},{"key":"productDetailsName","value":"S-BUDGET - Cottage Cheese Natur - 250 G"},{"key":"detailsDescription","value":"250 G"},{"key":"articleNumber","value":"Artikelnummer: 1386448"},{"key":"Lagerhinweis:","value":["Gekühlt lagern. Nach dem Öffnen gekühlt lagern und in Kürze verbrauchen."]},{"key":"Zutaten:","value":["Zutaten: MILCH, RAHM, mikrobielles Lab, Milchsäurebaktierien, Salz. In Großbuchstaben angegebene Zutaten enthalten allergene Inhaltsstoffe."]},{"key":"Allergene:","value":["Enthält:Milch und daraus gewonnene Erzeugnisse (inkl. Laktose)"]},{"key":"Identitätskennzeichen:","value":["AT 40157 EG"]},{"key":"Ursprungsland/Herkunftsort:","value":["hergestellt in Österreich"]},{"key":"Kontakt:","value":["SPAR Österr. Warenhandels-AG","Europastraße 3, 5015 Salzburg, Österreich"]}],"nutritions":[{"key":"","value":"Unzubereitet"},{"key":" ","value":"100 g"},{"key":"Energie","value":"348 kJ | 83 kcal"},{"key":"Fett","value":"2,2 g"},{"key":"Fett, davon gesättigte Fettsäuren","value":"1,4 g"},{"key":"Kohlenhydrate","value":"3 g"},{"key":"Kohlenhydrate, davon Zucker","value":"3 g"},{"key":"Ballaststoffe","value":"0 g"},{"key":"Eiweiß","value":"12,7 g"},{"key":"Salz","value":"1 g"},{"key":"Broteinheiten","value":"0,3 BE"}],"tags":["Gekühlt","Glutenfrei","immer Billig"]},
    {"url":"https://www.interspar.at/shop/lebensmittel/p/2020001176564","data":[{"key":"price","value":"0,99 €"},{"key":"oldPrice","value":"\n\t\t\t\t\t\n\t\t\t\t\t \n\t\t\t\t"},{"key":"pricePerUnit","value":"(6.60 €/kg)"},{"key":"productDetailsName","value":"S-BUDGET - Frischkäsezubereitung Kren - 150 G"},{"key":"detailsDescription","value":"150 G"},{"key":"articleNumber","value":"Artikelnummer: 2020001176564"},{"key":"Lagerhinweis:","value":["Vor und nach dem Öffnen gekühtl bei +2°C bis +8°C lagern. Nach dem Öffnen innerhalb von 3 Tagen verbrauchen."]},{"key":"Zutaten:","value":["Zutaten: FRISCHKÄSE, 10% Krenzubereitung (70% Kren, Weingeistessig, SÜSSMOLKENPULVER, Rapsöl, Verdickungsmittel: Guarkernmehl, Säuerungsmittel: Citronensäure), Speisesalz unjodiert, Verdickungsmittel: Johannisbrotkernmehl, Guarkernmehl. Mit Stickstoff aufgeschlagen. In Großbuchstaben angegebene Zutaten enthalten allergene Inhaltsstoffe."]},{"key":"Allergene:","value":["Enthält:Milch und daraus gewonnene Erzeugnisse (inkl. Laktose)"]},{"key":"","value":["Glutenfrei"]},{"key":"Identitätskennzeichen:","value":["DE BY 706 EG"]},{"key":"Ursprungsland/Herkunftsort:","value":["Sorgfältig hergestellt und abgepackt in Deutschland"]},{"key":"Verbrauchen nach dem Öffnen:","value":["3 Tage"]},{"key":"Kontakt:","value":["SPAR Österr. Warenhandels-AG","Europastraße 3, 5015 Salzburg, Österreich","office@spar.at"]}],"nutritions":[{"key":"","value":"Unzubereitet"},{"key":" ","value":"100 g"},{"key":"Energie","value":"1009 kJ | 244 kcal"},{"key":"Fett","value":"23 g"},{"key":"Fett, davon gesättigte Fettsäuren","value":"16 g"},{"key":"Kohlenhydrate","value":"3,5 g"},{"key":"Kohlenhydrate, davon Zucker","value":"3,5 g"},{"key":"Ballaststoffe","value":"0,6 g"},{"key":"Eiweiß","value":"5,5 g"},{"key":"Salz","value":"1,3 g"}],"tags":["Gekühlt","Glutenfrei","immer Billig"]},
    {"url":"https://www.interspar.at/shop/lebensmittel/p/2020001177424","data":[{"key":"price","value":"0,99 €"},{"key":"oldPrice","value":"\n\t\t\t\t\t\n\t\t\t\t\t \n\t\t\t\t"},{"key":"pricePerUnit","value":"(6.60 €/kg)"},{"key":"productDetailsName","value":"S-BUDGET - Frischkäsezubereitung Kräuter - 150 G"},{"key":"detailsDescription","value":"150 G"},{"key":"articleNumber","value":"Artikelnummer: 2020001177424"},{"key":"Lagerhinweis:","value":["Vor und nach Öffnen gekühlt bei +2°C bis +8°C lagern. Nach dem Öffnen innerhalb von 3 Tagen verbrauchen."]},{"key":"Zutaten:","value":["Zutaten: FRISCHKÄSE, Speisesalz unjodiert, Kräuter, Gewürze, Knoblauch, Zwiebeln, Verdickungsmittel: Johannisbrotkernmehl, Guarkernmehl. Mit Stickstoff aufgeschlagen. In Großbuchstaben angegebene Zutaten enthalten allergene Inhaltsstoffe."]},{"key":"Allergene:","value":["Enthält:Milch und daraus gewonnene Erzeugnisse (inkl. Laktose)"]},{"key":"","value":["Glutenfrei"]},{"key":"Identitätskennzeichen:","value":["DE BY 706 EG"]},{"key":"Ursprungsland/Herkunftsort:","value":["Sorgfältig hergestellt und abgepackt in Deutschland"]},{"key":"Verbrauchen nach dem Öffnen:","value":["3 Tage"]},{"key":"Kontakt:","value":["SPAR Österr. Warenhandels-AG","Europastraße 3, 5015 Salzburg, Österreich","office@spar.at"]}],"nutritions":[{"key":"","value":"Unzubereitet"},{"key":" ","value":"100 g"},{"key":"Energie","value":"1006 kJ | 244 kcal"},{"key":"Fett","value":"23 g"},{"key":"Fett, davon gesättigte Fettsäuren","value":"16 g"},{"key":"Kohlenhydrate","value":"3 g"},{"key":"Kohlenhydrate, davon Zucker","value":"3 g"},{"key":"Ballaststoffe","value":"0 g"},{"key":"Eiweiß","value":"6 g"},{"key":"Salz","value":"1,4 g"}],"tags":["Gekühlt","Glutenfrei","immer Billig"]},
    {"url":"https://www.interspar.at/shop/lebensmittel/p/2020001195855","data":[{"key":"price","value":"3,49 €"},{"key":"oldPrice","value":"\n\t\t\t\t\t\n\t\t\t\t\t \n\t\t\t\t"},{"key":"pricePerUnit","value":"(8.73 €/kg)"},{"key":"productDetailsName","value":"S-BUDGET - Österreichischer Großlochkäse - 400 G"},{"key":"detailsDescription","value":"400 G"},{"key":"articleNumber","value":"Artikelnummer: 2020001195855"},{"key":"Lagerhinweis:","value":["Vor und nach dem Öffnen gekühlt lagern bei +3°C bis +6°C. Nach dem Öffnen innerhalb weniger Tage genießen."]},{"key":"Zutaten:","value":["Zutaten: pasteurisierte MILCH, Salz, mikrobielles Lab, Käsereikulturen, Farbstoff: Beta-Carotin. In Großbuchstaben angegebene Zutaten enthalten allergene Inhaltsstoffe."]},{"key":"Allergene:","value":["Enthält:Milch und daraus gewonnene Erzeugnisse (inkl. Laktose)"]},{"key":"","value":["vegetarisch"]},{"key":"","value":["Laktosefrei"]},{"key":"Zubereitung:","value":["Verzehrfertig1. Lasche zum Öffnen hochziehen. 2. Schutzstreifen abziehen. 3. Zum Verschließen Lasche andrücken."]},{"key":"Identitätskennzeichen:","value":["AT 40153 EG"]},{"key":"Ursprungsland/Herkunftsort:","value":["Qualität aus Österreich"]},{"key":"Kontakt:","value":["SPAR Österr. Warenhandels-AG","Europastraße 3, 5015 Salzburg, Österreich","office@spar.at"]}],"nutritions":[{"key":"","value":"Unzubereitet"},{"key":" ","value":"100 g"},{"key":"Energie","value":"1438 kJ | 346 kcal"},{"key":"Fett","value":"26 g"},{"key":"Fett, davon gesättigte Fettsäuren","value":"17 g"},{"key":"Kohlenhydrate","value":"0 g"},{"key":"Kohlenhydrate, davon Zucker","value":"0 g"},{"key":"Ballaststoffe","value":"0 g"},{"key":"Eiweiß","value":"28 g"},{"key":"Salz","value":"1,3 g"},{"key":"Broteinheiten","value":"0 BE"}],"tags":["Gekühlt","Lactosefrei","immer Billig"]},
    {"url":"https://www.interspar.at/shop/lebensmittel/p/2020001607464","data":[{"key":"price","value":"1,79 €"},{"key":"oldPrice","value":"\n\t\t\t\t\t\n\t\t\t\t\t \n\t\t\t\t"},{"key":"pricePerUnit","value":"(7.16 €/kg)"},{"key":"productDetailsName","value":"S-BUDGET - Pizza-Käse gerieben - 250 G"},{"key":"detailsDescription","value":"250 G"},{"key":"articleNumber","value":"Artikelnummer: 2020001607464"},{"key":"Lagerhinweis:","value":["Vor und nach dem Öffnen gekühlt (3-8°C) lagern. Nach dem Öffnen innerhalb weniger Tage verbrauchen."]},{"key":"Zutaten:","value":["Zutaten: MILCH, Maisstärke, Salz unjodiert, mikrobielles Lab, Käsereikulturen. In Großbuchstaben angegebene Zutaten enthalten allergene Inhaltsstoffe."]},{"key":"Allergene:","value":["Enthält:Milch und daraus gewonnene Erzeugnisse (inkl. Laktose)"]},{"key":"","value":["Glutenfrei","Laktosefrei"]},{"key":"Zubereitung:","value":["BackenRezept für Thunfischpizza mit Paprika (5 Personen). Zutaten: 1 Stück SPAR Hefe-Pizzateig (fertig ausgerollt), 1 SPAR Knoblauchzehe zerdrückt, 400g S-BUDGET Tomaten gehackt, 1 EL DESPAR Olivenöl, Salz, Pfeffer, S-BUDGET Butter, 1 Bund SPAR Jungzwiebeln, 2 Dosen S-BUDGET Thunfisch, 125ml ml S-BUDGET Weißwein, 250g S-BUDGET Pizzakäse, S-BUDGET Oregano, 4 SPAR Paprika gelb und rot. ZUBEREITUNG:1. Backrohr auf 220°C vorheizen. Jungzwiebeln putzen, in dünne Ringe schneiden, in Butter anschwitzen, mit Wein ablöschen und bissfest garen. Zwiebeln in einem Sieb abtropfen lassen, salzen und pfeffern.2. Paprika putzen und in Stücke schneiden, in leicht gesalzenem Wasser kurz überkochen, abseihen und abschrecken. Thunfisch in einem Sieb abtropfen lassen und zerpflücken.3. Tomaten-Sauce: Die gehackten Tomaten abtropfen lassen und mit der zerdrückten Knoblauchzehe und dem Olivenöl vermischen. Die Sauce mit Salz und Oregano würzen.4. Hefe-Pizzateig (fertig ausgerollt) auf ein mit Backpapier belegtes Blech legen und mit Tomaten-Sauce bestreichen. Jungzwiebeln, Thunfisch, Paprika und Pizzakäse auf dem Teig verteilen, mit Oregano, Salz und Pfeffer würzen. Pizza im Rohr ca. 15 Min. backen.Pizza-Tipp: SPAR Hefe-Pizzateig (fertig ausgerollt) ist der ideale Pizzaboden für den schnellen und selbstgemachten Pizzagenuss. Einfach mit den gewünschten Zutaten belegen und zum Schluss mit S-BUDGET Pizzakäse bestreuen."]},{"key":"Identitätskennzeichen:","value":["AT-40153 EG"]},{"key":"Ursprungsland/Herkunftsort:","value":["Qualität aus Österreich"]},{"key":"Kontakt:","value":["SPAR Österr. Warenhandels-AG","Europastraße 3, 5015 Salzburg, Österreich","office@spar.at"]}],"nutritions":[{"key":"","value":"Unzubereitet"},{"key":" ","value":"100 g"},{"key":"Energie","value":"1379 kJ | 332 kcal"},{"key":"Fett","value":"25 g"},{"key":"Fett, davon gesättigte Fettsäuren","value":"16 g"},{"key":"Kohlenhydrate","value":"1,7 g"},{"key":"Kohlenhydrate, davon Zucker","value":"0 g"},{"key":"Ballaststoffe","value":"0 g"},{"key":"Eiweiß","value":"25 g"},{"key":"Salz","value":"1,8 g"},{"key":"Broteinheiten","value":"0,1 g"},{"key":"Laktose","value":"< 0,1 g"}],"tags":["Gekühlt","Glutenfrei","Lactosefrei","immer Billig"]},
    {"url":"https://www.interspar.at/shop/lebensmittel/p/6527181","data":[{"key":"price","value":"2,29 €"},{"key":"oldPrice","value":"\n\t\t\t\t\t\n\t\t\t\t\t \n\t\t\t\t"},{"key":"pricePerUnit","value":"(5.09 €/kg)"},{"key":"productDetailsName","value":"S-BUDGET - Österreichischer Gouda 45% F.i.T. - 450 G"},{"key":"detailsDescription","value":"450 G"},{"key":"articleNumber","value":"Artikelnummer: 6527181"},{"key":"Lagerhinweis:","value":["Vor und nach dem Öffnen gekühlt (bei max. +7°C) lagern. Nach dem Öffnen sobald wie möglich verbrauchen."]},{"key":"Zutaten:","value":["Zutaten: pasteurisierte MILCH, mikrobielles Lab, Käsereikulturen, Salz, Farbstoff Beta-Carotin. In Großbuchstaben angegebene Zutaten enthalten allergene Inhaltsstoffe."]},{"key":"Allergene:","value":["Enthält:Milch und daraus gewonnene Erzeugnisse (inkl. Laktose)"]},{"key":"","value":["Laktosefrei"]},{"key":"Identitätskennzeichen:","value":["AT 40153 EG"]},{"key":"Ursprungsland/Herkunftsort:","value":["Qualität aus Österreich"]},{"key":"Kontakt:","value":["SPAR Österr. Warenhandels-AG","Europastraße 3, 5015 Salzburg, Österreich"]}],"nutritions":[{"key":"","value":"Unzubereitet"},{"key":" ","value":"100 g"},{"key":"Energie","value":"1404 kJ | 338 kcal"},{"key":"Fett","value":"26 g"},{"key":"Fett, davon gesättigte Fettsäuren","value":"17 g"},{"key":"Kohlenhydrate","value":"0 g"},{"key":"Kohlenhydrate, davon Zucker","value":"0 g"},{"key":"Ballaststoffe","value":"0 g"},{"key":"Eiweiß","value":"26 g"},{"key":"Salz","value":"1,5 g"},{"key":"Broteinheiten","value":"0 BE"}],"tags":["Gekühlt","Glutenfrei","Lactosefrei","immer Billig"]},
    {"url":"https://www.interspar.at/shop/lebensmittel/p/6779443","data":[{"key":"price","value":"3,19 €"},{"key":"oldPrice","value":"\n\t\t\t\t\t\n\t\t\t\t\t \n\t\t\t\t"},{"key":"pricePerUnit","value":"(7.09 €/kg)"},{"key":"productDetailsName","value":"S-BUDGET - Österreichischer Tilsiter 45% F.i.T. - 450 G"},{"key":"detailsDescription","value":"450 G"},{"key":"articleNumber","value":"Artikelnummer: 6779443"},{"key":"Lagerhinweis:","value":["Vor und nach dem Öffnen gekühlt (bei max. +7°C) lagern. Nach dem Öffnen sobald wie möglich verbrauchen."]},{"key":"Zutaten:","value":["Zutaten: pasteurisierte MILCH, Salz, Farbstoff Beta-Carotin, mikrobielles Lab, Käsereikulturen. In Großbuchstaben angegebene Zutaten enthalten allergene Inhaltsstoffe."]},{"key":"Allergene:","value":["Enthält:Milch und daraus gewonnene Erzeugnisse (inkl. Laktose)"]},{"key":"","value":["Laktosefrei"]},{"key":"Ursprungsland/Herkunftsort:","value":["Qualität aus Österreich"]},{"key":"Kontakt:","value":["SPAR Österr. Warenhandels-AG","Europastraße 3, 5015 Salzburg, Österreich"]}],"nutritions":[{"key":"","value":"Unzubereitet"},{"key":" ","value":"100 g"},{"key":"Energie","value":"1384 kJ | 333 kcal"},{"key":"Fett","value":"25 g"},{"key":"Fett, davon gesättigte Fettsäuren","value":"16 g"},{"key":"Kohlenhydrate","value":"0 g"},{"key":"Kohlenhydrate, davon Zucker","value":"0 g"},{"key":"Ballaststoffe","value":"0 g"},{"key":"Eiweiß","value":"27 g"},{"key":"Salz","value":"1,5 g"},{"key":"Broteinheiten","value":"0 BE"}],"tags":["Gekühlt","Glutenfrei","Lactosefrei","immer Billig"]},
    {"url":"https://www.interspar.at/shop/lebensmittel/p/2246284","data":[{"key":"price","value":"2,19 €"},{"key":"oldPrice","value":"\n\t\t\t\t\t\n\t\t\t\t\t \n\t\t\t\t"},{"key":"pricePerUnit","value":"(10.95 €/kg)"},{"key":"productDetailsName","value":"SPAR - Feta - 200 G"},{"key":"detailsDescription","value":"200 G"},{"key":"articleNumber","value":"Artikelnummer: 2246284"},{"key":"Lagerhinweis:","value":["Gekühlt lagern."]},{"key":"Zutaten:","value":["Zutaten: pasteurisierte SCHAFMILCH, pasteurisierte ZIEGENMILCH, Salz, Lab. In Großbuchstaben angegebene Zutaten enthalten allergene Inhaltsstoffe."]},{"key":"Allergene:","value":["Enthält:Milch und daraus gewonnene Erzeugnisse (inkl. Laktose)"]},{"key":"Ursprungsland/Herkunftsort:","value":["Sorgfältig hergestellt in Griechenland"]},{"key":"Kontakt:","value":["SPAR Österr. Warenhandels-AG","Europastr. 3, 5015 Salzburg, Österreich"]}],"nutritions":[{"key":" ","value":"100 g"},{"key":"","value":"Unzubereitet"},{"key":"Energie","value":"1125 kJ | 268 kcal"},{"key":"Fett","value":"22,5 g"},{"key":"Fett, davon gesättigte Fettsäuren","value":"13 g"},{"key":"Kohlenhydrate","value":"0,45 g"},{"key":"Kohlenhydrate, davon Zucker","value":"0,45 g"},{"key":"Ballaststoffe","value":"0 g"},{"key":"Eiweiß","value":"16,4 g"},{"key":"Salz","value":"2 g"},{"key":"Broteinheiten","value":"0 BE"}],"tags":["Gekühlt"]},
    {"url":"https://www.interspar.at/shop/lebensmittel/p/7449925","data":[{"key":"price","value":"1,99 €"},{"key":"oldPrice","value":"\n\t\t\t\t\t\n\t\t\t\t\t \n\t\t\t\t"},{"key":"pricePerUnit","value":"(7.96 €/kg)"},{"key":"productDetailsName","value":"SPAR - Tilsiter in Scheiben - 250 G"},{"key":"detailsDescription","value":"250 G"},{"key":"articleNumber","value":"Artikelnummer: 7449925"},{"key":"Lagerhinweis:","value":["Vor und nach dem Öffnen bei +4°C bis +8°C lagern. Nach dem Öffnen innerhalb weniger Tage verbrauchen."]},{"key":"Zutaten:","value":["Zutaten: pasteurisierte KUHMILCH, Speisesalz unjodiert, mikrobielles Lab, Säuerungskulturen, Farbstoff: Carotin. In Großbuchstaben angegebene Zutaten enthalten allergene Inhaltsstoffe."]},{"key":"Allergene:","value":["Enthält:Milch und daraus gewonnene Erzeugnisse (inkl. Laktose)"]},{"key":"","value":["Laktosefrei"]},{"key":"Identitätskennzeichen:","value":["DE MV 026 EG DE NI 058 EG DE SH 050 EG DE NI 086 EG"]},{"key":"Kontakt:","value":["SPAR Österr. Warenhandels-AG","Europastraße 3, 5015 Salzburg, Österreich","office@spar.at"]}],"nutritions":[{"key":"","value":"Unzubereitet"},{"key":" ","value":"100 g"},{"key":"Energie","value":"1415 kJ | 341 kcal"},{"key":"Fett","value":"26 g"},{"key":"Fett, davon gesättigte Fettsäuren","value":"18 g"},{"key":"Kohlenhydrate","value":"< 0,5 g"},{"key":"Kohlenhydrate, davon Zucker","value":"< 0,5 g"},{"key":"Ballaststoffe","value":"0 g"},{"key":"Eiweiß","value":"25 g"},{"key":"Salz","value":"1,8 g"},{"key":"Broteinheiten","value":"0 BE"}],"tags":["Gekühlt","Lactosefrei"]},
    {"url":"https://www.interspar.at/shop/lebensmittel/p/7449956","data":[{"key":"price","value":"1,99 €"},{"key":"oldPrice","value":"\n\t\t\t\t\t\n\t\t\t\t\t \n\t\t\t\t"},{"key":"pricePerUnit","value":"(7.96 €/kg)"},{"key":"productDetailsName","value":"SPAR - Gouda in Scheiben - 250 G"},{"key":"detailsDescription","value":"250 G"},{"key":"articleNumber","value":"Artikelnummer: 7449956"},{"key":"Lagerhinweis:","value":["Vor und nach dem Öffnen gekühlt lagern. Nach dem Öffnen innerhalb weniger Tage verbrauchen"]},{"key":"Zutaten:","value":["Zutaten: KUHMILCH, Salz unjodiert, mikrobielles Lab, Käsereikulturen. In Großbuchstaben angegebene Zutaten enthalten allergene Inhaltsstoffe."]},{"key":"Allergene:","value":["Enthält:Milch und daraus gewonnene Erzeugnisse (inkl. Laktose)"]},{"key":"","value":["ohne Farbstoffzusatz"]},{"key":"","value":["Laktosefrei"]},{"key":"Identitätskennzeichen:","value":["DE MV 026 EG; DE NI 058 EG; DE SH 050 EG; DE NI 086 EG"]},{"key":"Zusatztext:","value":["- Wiederverschließbar"]},{"key":"Kontakt:","value":["SPAR Österr. Warenhandels-AG","Europastraße 3, 5015 Salzburg, Österreich"]}],"nutritions":[{"key":" ","value":"100 g"},{"key":"","value":"Unzubereitet"},{"key":"Energie","value":"1492 kJ | 360 kcal"},{"key":"Fett","value":"29 g"},{"key":"Fett, davon gesättigte Fettsäuren","value":"20 g"},{"key":"Kohlenhydrate","value":"< 0,5 g"},{"key":"Kohlenhydrate, davon Zucker","value":"< 0,1 g"},{"key":"Ballaststoffe","value":"0 g"},{"key":"Eiweiß","value":"23 g"},{"key":"Salz","value":"1,8 g"},{"key":"Broteinheiten","value":"0 BE"}],"tags":["Gekühlt","Lactosefrei"]},
    {"url":"https://www.interspar.at/shop/lebensmittel/p/1192476","data":[{"key":"price","value":"1,59 €"},{"key":"oldPrice","value":"\n\t\t\t\t\t\n\t\t\t\t\t \n\t\t\t\t"},{"key":"pricePerUnit","value":"(9.09 €/kg)"},{"key":"productDetailsName","value":"Philadelphia Balance - Räucherlachs mit Dill - 175 G"},{"key":"detailsDescription","value":"175 G"},{"key":"articleNumber","value":"Artikelnummer: 1192476"},{"key":"Lagerhinweis:","value":["Gekühlt lagern."]},{"key":"Zutaten:","value":["Zutaten: FRISCHKÄSE, Molkenerzeugnisse (aus MILCH), Wasser, geräucherter Lachs (4,5%) [LACHS, Speisesalz, Rauch], Zwiebeln, Speisesalz, modifizierte Stärke, Verdickungsmittel: Johannisbrotkernmehl, Carrageen; Knoblauch, Säuerungsmittel: Milchsäure, Citronensäure; Aromen (enthalten FISCH), Emulgator: Mono- und Diglyceride von Speisefettsäuren; Dill, weißer Pfeffer, Zitronensaftkonzentrat, Rauch. In Großbuchstaben angegebene Zutaten enthalten allergene Inhaltsstoffe."]},{"key":"Allergene:","value":["Enthält:Fische und daraus gewonnene Erzeugnisse, Milch und daraus gewonnene Erzeugnisse (inkl. Laktose)"]},{"key":"","value":["Fettreduziert: Mindestens 40% weniger Fett als Philadelphia Doppelrahmstufe"]},{"key":"Identitätskennzeichen:","value":["DE NI 12060 EG"]},{"key":"Kontakt:","value":["Mondelez Österreich GmbH","Jacobsgasse 3, 1140 Wien, Österreich"]}],"nutritions":[{"key":"","value":"Unzubereitet"},{"key":" ","value":"100 g"},{"key":"Energie","value":"588 kJ | 141 kcal"},{"key":"Fett","value":"10 g"},{"key":"Fett, davon gesättigte Fettsäuren","value":"6,4 g"},{"key":"Kohlenhydrate","value":"5,1 g"},{"key":"Kohlenhydrate, davon Zucker","value":"4,7 g"},{"key":"Ballaststoffe","value":"0,4 g"},{"key":"Eiweiß","value":"7,2 g"},{"key":"Salz","value":"1,23 g"}],"tags":["Gekühlt","Glutenfrei"]},
    {"url":"https://www.interspar.at/shop/lebensmittel/p/1320077","data":[{"key":"price","value":"0,88 €"},{"key":"oldPrice","value":"\n\t\t\t\t\t\n\t\t\t\t\t \n\t\t\t\t"},{"key":"pricePerUnit","value":"(17.50 €/kg)"},{"key":"productDetailsName","value":"Furore - Bregenzerwälder Ursalzkäse - 1 KG"},{"key":"detailsDescription","value":"1 KG"},{"key":"articleNumber","value":"Artikelnummer: 1320077"},{"key":"Zutaten:","value":["Zutaten: KUHROHMILCH, Speisesalz unjodiert, Naturlab. Rinde nicht zum Verzehr geeignet. In Großbuchstaben angegebene Zutaten enthalten allergene Inhaltsstoffe."]},{"key":"Allergene:","value":["Enthält:Milch und daraus gewonnene Erzeugnisse (inkl. Laktose)"]}],"nutritions":[{"key":"","value":"Unzubereitet"},{"key":" ","value":"100 g"},{"key":"Energie","value":"1592 kJ | 384 kcal"},{"key":"Fett","value":"32 g"},{"key":"Fett, davon gesättigte Fettsäuren","value":"20 g"},{"key":"Kohlenhydrate","value":"0 g"},{"key":"Kohlenhydrate, davon Zucker","value":"0 g"},{"key":"Ballaststoffe","value":"0 g"},{"key":"Eiweiß","value":"25 g"},{"key":"Salz","value":"1,7 g"}],"tags":["Gekühlt"]},
    {"url":"https://www.interspar.at/shop/lebensmittel/p/1456905","data":[{"key":"price","value":"2,69 €"},{"key":"oldPrice","value":"\n\t\t\t\t\t\n\t\t\t\t\t \n\t\t\t\t"},{"key":"pricePerUnit","value":"(10.76 €/kg)"},{"key":"productDetailsName","value":"Woerle - Gouda mild-fein - 250 G"},{"key":"detailsDescription","value":"250 G"},{"key":"articleNumber","value":"Artikelnummer: 1456905"},{"key":"Lagerhinweis:","value":["Gekühlt bei +2°C bis +7°C lagern. Nach dem Öffnen der Packung sollte das Produkt rasch verzehrt werden."]},{"key":"Zutaten:","value":["Zutaten: MILCH, Milchsäurebakterien, Lab, Salz, Farbstoff: Beta Carotin. In Großbuchstaben angegebene Zutaten enthalten allergene Inhaltsstoffe."]},{"key":"Allergene:","value":["Enthält:Milch und daraus gewonnene Erzeugnisse (inkl. Laktose)"]},{"key":"","value":["Laktosefrei"]},{"key":"Identitätskennzeichen:","value":["AT 50124 EG"]},{"key":"Kontakt:","value":["Gebrüder Woerle Ges.m.b.H.","Enzing 26, 5302 Henndorf, Österreich","woerle@woerle.at"]}],"nutritions":[{"key":"","value":"Unzubereitet"},{"key":" ","value":"100 g"},{"key":"Energie","value":"1333 kJ | 321 kcal"},{"key":"Fett","value":"25 g"},{"key":"Fett, davon gesättigte Fettsäuren","value":"18,3 g"},{"key":"Kohlenhydrate","value":"0 g"},{"key":"Kohlenhydrate, davon Zucker","value":"0 g"},{"key":"Eiweiß","value":"24 g"},{"key":"Salz","value":"1,75 g"}],"tags":["Gekühlt","Glutenfrei","Lactosefrei"]},
    {"url":"https://www.interspar.at/shop/lebensmittel/p/1456998","data":[{"key":"price","value":"2,69 €"},{"key":"oldPrice","value":"\n\t\t\t\t\t\n\t\t\t\t\t \n\t\t\t\t"},{"key":"pricePerUnit","value":"(10.76 €/kg)"},{"key":"productDetailsName","value":"Woerle - Butterkäse cremig-mild - 250 G"},{"key":"detailsDescription","value":"250 G"},{"key":"articleNumber","value":"Artikelnummer: 1456998"},{"key":"Lagerhinweis:","value":["Bei +2°C bis +7°C lagern. Nach dem Öffnen innerhalb weniger Tage verzehren."]},{"key":"Zutaten:","value":["Zutaten: MILCH, Milchsäurebakterienkulturen, Lab, Salz, Farbstoff: Beta Carotin. In Großbuchstaben angegebene Zutaten enthalten allergene Inhaltsstoffe."]},{"key":"Allergene:","value":["Enthält:Milch und daraus gewonnene Erzeugnisse (inkl. Laktose)"]},{"key":"","value":["Laktosefrei"]},{"key":"Identitätskennzeichen:","value":["AT 50124 EG"]},{"key":"Kontakt:","value":["Gebrüder Woerle Ges.m.b.H.","Enzing 26, 5302 Henndorf, Österreich","woerle@woerle.at"]}],"nutritions":[{"key":"","value":"Unzubereitet"},{"key":" ","value":"100 g"},{"key":"Energie","value":"1262 kJ | 304 kcal"},{"key":"Fett","value":"24 g"},{"key":"Fett, davon gesättigte Fettsäuren","value":"17,5 g"},{"key":"Kohlenhydrate","value":"0 g"},{"key":"Kohlenhydrate, davon Zucker","value":"0 g"},{"key":"Eiweiß","value":"22 g"},{"key":"Salz","value":"1,75 g"}],"tags":["Gekühlt","Glutenfrei","Lactosefrei"]},
    {"url":"https://www.interspar.at/shop/lebensmittel/p/1483765","data":[{"key":"price","value":"1,12 €"},{"key":"oldPrice","value":"\n\t\t\t\t\t\n\t\t\t\t\tstatt 2,19 €\n\t\t\t\t"},{"key":"pricePerUnit","value":"(7.47 €/kg)"},{"key":"productDetailsName","value":"Schärdinger - Bergbaron geräuchert, in Scheiben - 150 G"},{"key":"detailsDescription","value":"150 G"},{"key":"articleNumber","value":"Artikelnummer: 1483765"},{"key":"Lagerhinweis:","value":["Vor und nach dem Öffnen gekühlt (3-6°C) lagern. Nach dem Öffnen innerhalb weniger Tage verbrauchen."]},{"key":"Zutaten:","value":["Zutaten: MILCH, Salz, Farbstoff: Beta-Carotin, Rauch, mikrobielles Lab, Käsereikulturen. In Großbuchstaben angegebene Zutaten enthalten allergene Inhaltsstoffe."]},{"key":"Allergene:","value":["Enthält:Milch und daraus gewonnene Erzeugnisse (inkl. Laktose)"]},{"key":"Identitätskennzeichen:","value":["AT 40153 EG"]},{"key":"Kontakt:","value":["Berglandmilch eGen","Schubertstraße 30, 4600 Wels, Österreich"]}],"nutritions":[{"key":"","value":"Unzubereitet"},{"key":" ","value":"100 g"},{"key":"Energie","value":"1438 kJ | 346 kcal"},{"key":"Fett","value":"26 g"},{"key":"Fett, davon gesättigte Fettsäuren","value":"17 g"},{"key":"Kohlenhydrate","value":"0 g"},{"key":"Kohlenhydrate, davon Zucker","value":"0 g"},{"key":"Eiweiß","value":"28 g"},{"key":"Salz","value":"1,3 g"}],"tags":["Gekühlt","Glutenfrei","Lactosefrei"]},
    {"url":"https://www.interspar.at/shop/lebensmittel/p/2020000454670","data":[{"key":"price","value":"1,10 €"},{"key":"oldPrice","value":"\n\t\t\t\t\t\n\t\t\t\t\t \n\t\t\t\t"},{"key":"pricePerUnit","value":"(21.90 €/kg)"},{"key":"productDetailsName","value":"Schärdinger - Ziegenkäse - 1 KG"},{"key":"detailsDescription","value":"1 KG"},{"key":"articleNumber","value":"Artikelnummer: 2020000454670"},{"key":"Lagerhinweis:","value":["Vor und nach dem Öffnen gekühlt (3°-6°C) lagern. Nach dem Öffnen innerhalb weniger Tage verbrauchen."]},{"key":"Allergene:","value":["Enthält:Milch und daraus gewonnene Erzeugnisse (inkl. Laktose)"]},{"key":"","value":["Laktosefrei"]},{"key":"Identitätskennzeichen:","value":["AT 40153 EG"]},{"key":"Ursprungsland/Herkunftsort:","value":["Österreich"]},{"key":"Kontakt:","value":["Berglandmilch eGen","Schubertstraße 30, 4600 Wels, Österreich"]}],"nutritions":[{"key":" ","value":"100 g"},{"key":"","value":"Unzubereitet"},{"key":"Energie","value":"1552 kJ | 374 kcal"},{"key":"Fett","value":"30 g"},{"key":"Fett, davon gesättigte Fettsäuren","value":"19 g"},{"key":"Kohlenhydrate","value":"0 g"},{"key":"Kohlenhydrate, davon Zucker","value":"0 g"},{"key":"Eiweiß","value":"26 g"},{"key":"Salz","value":"1,5 g"}],"tags":["Gekühlt","Lactosefrei"]},
    {"url":"https://www.interspar.at/shop/lebensmittel/p/2020000620037","data":[{"key":"price","value":"0,66 €"},{"key":"oldPrice","value":"\n\t\t\t\t\t\n\t\t\t\t\tstatt 0,99 €\n\t\t\t\t"},{"key":"pricePerUnit","value":"(6.60 €/kg)"},{"key":"productDetailsName","value":"Schärdinger - Basilikumpesto - 100 G"},{"key":"detailsDescription","value":"100 G"},{"key":"articleNumber","value":"Artikelnummer: 2020000620037"},{"key":"Lagerhinweis:","value":["Vor und nach dem Öffnen gekühlt (3-6°C) lagern. Nach dem Öffnen innerhalb weniger Tage verbrauchen."]},{"key":"Zutaten:","value":["Zutaten: RAHM, MAGERTOPFEN*, 3,5% Basilikum, 1,5% Knoblauch, MOLKENEIWEISS, Speisesalz, Zucker, 0,2% Olivenöl, 0,15% HARTKÄSE, 0,05% Pinienkerne, Verdickungsmittel Guarkernmehl, Xanthan. *mit erhöhtem Gehalt an Molkeneiweiß, In Großbuchstaben angegebene Zutaten enthalten allergene Inhaltsstoffe."]},{"key":"Allergene:","value":["Enthält:Milch und daraus gewonnene Erzeugnisse (inkl. Laktose)"]},{"key":"Identitätskennzeichen:","value":["AT 30751 EG"]},{"key":"Kontakt:","value":["Berglandmilch eGen","Schubertstraße 30, 4600 Wels, Österreich"]}],"nutritions":[{"key":"","value":"Unzubereitet"},{"key":" ","value":"100 g"},{"key":"Energie","value":"1249 kJ | 302 kcal"},{"key":"Fett","value":"28 g"},{"key":"Fett, davon gesättigte Fettsäuren","value":"18 g"},{"key":"Kohlenhydrate","value":"4,8 g"},{"key":"Kohlenhydrate, davon Zucker","value":"4,3 g"},{"key":"Eiweiß","value":"7,3 g"},{"key":"Salz","value":"1 g"}],"tags":["Gekühlt"]},
    {"url":"https://www.interspar.at/shop/lebensmittel/p/2020000753896","data":[{"key":"price","value":"1,12 €"},{"key":"oldPrice","value":"\n\t\t\t\t\t\n\t\t\t\t\tstatt 2,19 €\n\t\t\t\t"},{"key":"pricePerUnit","value":"(9.74 €/kg)"},{"key":"productDetailsName","value":"Schärdinger - Weinbaron in Scheiben - 115 G"},{"key":"detailsDescription","value":"115 G"},{"key":"articleNumber","value":"Artikelnummer: 2020000753896"},{"key":"Lagerhinweis:","value":["Vor und nach dem Öffnen gekühlt (3-6° C) lagern. Nach dem Öffnen innerhalb weniger Tage verbrauchen."]},{"key":"Zutaten:","value":["Zutaten: MILCH, Salz, Farbstoff Beta-Carotin, mikrobielles Lab, Käsereikulturen, Rotweingeläger. In Großbuchstaben angegebene Zutaten enthalten allergene Inhaltsstoffe."]},{"key":"Allergene:","value":["Enthält:Milch und daraus gewonnene Erzeugnisse (inkl. Laktose)"]},{"key":"","value":["Laktosefrei"]},{"key":"Identitätskennzeichen:","value":["AT 40153 EG"]},{"key":"Ursprungsland/Herkunftsort:","value":["Österreich"]},{"key":"Kontakt:","value":["Berglandmilch eGen","Schubertstraße 30, 4600 Wels, Österreich"]}],"nutritions":[{"key":"","value":"Unzubereitet"},{"key":" ","value":"100 g"},{"key":"Energie","value":"1475 kJ | 355 kcal"},{"key":"Fett","value":"27 g"},{"key":"Fett, davon gesättigte Fettsäuren","value":"17 g"},{"key":"Kohlenhydrate","value":"0 g"},{"key":"Kohlenhydrate, davon Zucker","value":"0 g"},{"key":"Eiweiß","value":"28 g"},{"key":"Salz","value":"1,8 g"}],"tags":["Gekühlt","Lactosefrei"]},
    {"url":"https://www.interspar.at/shop/lebensmittel/p/2020000753933","data":[{"key":"price","value":"1,12 €"},{"key":"oldPrice","value":"\n\t\t\t\t\t\n\t\t\t\t\tstatt 2,19 €\n\t\t\t\t"},{"key":"pricePerUnit","value":"(7.47 €/kg)"},{"key":"productDetailsName","value":"Schärdinger - Toastkäse in Scheiben - 150 G"},{"key":"detailsDescription","value":"150 G"},{"key":"articleNumber","value":"Artikelnummer: 2020000753933"},{"key":"Lagerhinweis:","value":["Vor und nach dem Öffnen gekühlt (3-6° C) lagern. Nach dem Öffnen innerhalb weniger Tage verbrauchen."]},{"key":"Zutaten:","value":["Zutaten: MILCH, Salz, Farbstoff Beta-Carotin, mikrobielles Lab, Käsereikulturen. In Großbuchstaben angegebene Zutaten enthalten allergene Inhaltsstoffe."]},{"key":"Allergene:","value":["Enthält:Milch und daraus gewonnene Erzeugnisse (inkl. Laktose)"]},{"key":"","value":["Laktosefrei"]},{"key":"Identitätskennzeichen:","value":["AT 40153 EG"]},{"key":"Ursprungsland/Herkunftsort:","value":["Österreich"]},{"key":"Kontakt:","value":["Berglandmilch eGen","Schubertstraße 30, 4600 Wels, Österreich"]}],"nutritions":[{"key":"","value":"Unzubereitet"},{"key":" ","value":"100 g"},{"key":"Energie","value":"1404 kJ | 338 kcal"},{"key":"Fett","value":"26 g"},{"key":"Fett, davon gesättigte Fettsäuren","value":"17 g"},{"key":"Kohlenhydrate","value":"0 g"},{"key":"Kohlenhydrate, davon Zucker","value":"0 g"},{"key":"Eiweiß","value":"26 g"},{"key":"Salz","value":"1,3 g"}],"tags":["Gekühlt","Lactosefrei"]},
    {"url":"https://www.interspar.at/shop/lebensmittel/p/2020000846086","data":[{"key":"price","value":"0,74 €"},{"key":"oldPrice","value":"\n\t\t\t\t\t\n\t\t\t\t\t \n\t\t\t\t"},{"key":"pricePerUnit","value":"(14.90 €/kg)"},{"key":"productDetailsName","value":"Schärdinger - Weinbaron - 1 KG"},{"key":"detailsDescription","value":"1 KG"},{"key":"articleNumber","value":"Artikelnummer: 2020000846086"},{"key":"Lagerhinweis:","value":["Vor und nach dem Öffnen bei 3-8 °C lagern. Nach dem Öffnen innerhalb weniger Tage verbrauchen."]},{"key":"Zutaten:","value":["Zutaten: MILCH, Salz, Farbstoff: Beta-Carotin, Labaustauschstoff, Käsereikulturen, Rotwein. In Großbuchstaben angegebene Zutaten enthalten allergene Inhaltsstoffe."]},{"key":"Allergene:","value":["Enthält:Milch und daraus gewonnene Erzeugnisse (inkl. Laktose)"]},{"key":"Identitätskennzeichen:","value":["AT 40153 EG"]},{"key":"Ursprungsland/Herkunftsort:","value":["Österreich"]},{"key":"Kontakt:","value":["Berglandmilch","Schubertstraße 30, 4600 Wels, Österreich"]}],"nutritions":[{"key":"","value":"Unzubereitet"},{"key":" ","value":"100 g"},{"key":"Energie","value":"1475 kJ | 355 kcal"},{"key":"Fett","value":"27 g"},{"key":"Fett, davon gesättigte Fettsäuren","value":"17 g"},{"key":"Kohlenhydrate","value":"0 g"},{"key":"Kohlenhydrate, davon Zucker","value":"0 g"},{"key":"Eiweiß","value":"28 g"},{"key":"Salz","value":"1,8 g"}],"tags":["Gekühlt"]},
    {"url":"https://www.interspar.at/shop/lebensmittel/p/2020001117628","data":[{"key":"price","value":"1,55 €"},{"key":"oldPrice","value":"\n\t\t\t\t\t\n\t\t\t\t\t \n\t\t\t\t"},{"key":"pricePerUnit","value":"(7.75 €/kg)"},{"key":"productDetailsName","value":"Schärdinger Meine Linie - Landfrischkäse Kräuter und Gewürze - 200 G"},{"key":"detailsDescription","value":"200 G"},{"key":"articleNumber","value":"Artikelnummer: 2020001117628"},{"key":"Lagerhinweis:","value":["Vor und nach dem Öffnen gekühlt bei 3-6 °C lagern. Nach dem Öffnen innerhalb weniger Tage verbrauchen."]},{"key":"Zutaten:","value":["Zutaten: laktosefreier COTTAGE CHEESE, Salz, Kräuter (Schnittlauch, Petersilie, Dill), Zwiebeln, Branntweinessig, Gewürz, Stärke. In Großbuchstaben angegebene Zutaten enthalten allergene Inhaltsstoffe."]},{"key":"Allergene:","value":["Enthält:Milch und daraus gewonnene Erzeugnisse (inkl. Laktose)"]},{"key":"","value":["Laktosefrei"]},{"key":"Identitätskennzeichen:","value":["AT 40157 EG"]},{"key":"Kontakt:","value":["Berglandmilch eGen","Schubertstraße 30, 4600 Wels, Österreich"]}],"nutritions":[{"key":"","value":"Unzubereitet"},{"key":" ","value":"100 g"},{"key":"Energie","value":"353 kJ | 84 kcal"},{"key":"Fett","value":"2,2 g"},{"key":"Fett, davon gesättigte Fettsäuren","value":"1,4 g"},{"key":"Kohlenhydrate","value":"3 g"},{"key":"Kohlenhydrate, davon Zucker","value":"2,9 g"},{"key":"Eiweiß","value":"13 g"},{"key":"Salz","value":"0,7 g"}],"tags":["Gekühlt","Lactosefrei"]},
    {"url":"https://www.interspar.at/shop/lebensmittel/p/2020001302062","data":[{"key":"price","value":"1,12 €"},{"key":"oldPrice","value":"\n\t\t\t\t\t\n\t\t\t\t\tstatt 2,19 €\n\t\t\t\t"},{"key":"pricePerUnit","value":"(7.47 €/kg)"},{"key":"productDetailsName","value":"Schärdinger - Alpen Emmentaler Scheiben Hauchdünn - 150 G"},{"key":"detailsDescription","value":"150 G"},{"key":"articleNumber","value":"Artikelnummer: 2020001302062"},{"key":"Lagerhinweis:","value":["Vor und nach dem Öffnen gekühlt (3-6° C) lagern. Nach dem Öffnen innerhalb weniger Tage verbrauchen."]},{"key":"Zutaten:","value":["Zutaten: MILCH, Salz, mikrobielles Lab. In Großbuchstaben angegebene Zutaten enthalten allergene Inhaltsstoffe."]},{"key":"Allergene:","value":["Enthält:Milch und daraus gewonnene Erzeugnisse (inkl. Laktose)"]},{"key":"","value":["Laktosefrei"]},{"key":"Identitätskennzeichen:","value":["AT 40153 EG"]},{"key":"Kontakt:","value":["Berglandmilch eGen","Schubertstraße 30, 4600 Wels, Österreich"]}],"nutritions":[{"key":"","value":"Unzubereitet"},{"key":" ","value":"100 g"},{"key":"Energie","value":"1640 kJ | 395 kcal"},{"key":"Fett","value":"31 g"},{"key":"Fett, davon gesättigte Fettsäuren","value":"23 g"},{"key":"Kohlenhydrate","value":"0 g"},{"key":"Kohlenhydrate, davon Zucker","value":"0 g"},{"key":"Eiweiß","value":"29 g"},{"key":"Salz","value":"0,8 g"}],"tags":["Gekühlt","Lactosefrei"]},
    {"url":"https://www.interspar.at/shop/lebensmittel/p/2020001303267","data":[{"key":"price","value":"1,35 €"},{"key":"oldPrice","value":"\n\t\t\t\t\t\n\t\t\t\t\t \n\t\t\t\t"},{"key":"pricePerUnit","value":"(13.50 €/kg)"},{"key":"productDetailsName","value":"Schärdinger - Butterkäse - 1 KG"},{"key":"detailsDescription","value":"1 KG"},{"key":"articleNumber","value":"Artikelnummer: 2020001303267"},{"key":"Lagerhinweis:","value":["Vor und nach dem Öffnen bei 3-6°C lagern. Nach dem Öffnen innerhalb weniger Tage verbrauchen."]},{"key":"Zutaten:","value":["Zutaten: MILCH, Salz, Farbstoff Beta-Carotin, Labaustauschstoff, Käsereikulturen. In Großbuchstaben angegebene Zutaten enthalten allergene Inhaltsstoffe."]},{"key":"Allergene:","value":["Enthält:Milch und daraus gewonnene Erzeugnisse (inkl. Laktose)"]},{"key":"","value":["Laktosefrei"]},{"key":"Identitätskennzeichen:","value":["AT 60149 EG"]},{"key":"Kontakt:","value":["Berglandmilch eGen","Schubertstraße 30, 4600 Wels, Österreich"]}],"nutritions":[{"key":"","value":"Unzubereitet"},{"key":" ","value":"100 g"},{"key":"Energie","value":"1251 kJ | 301 kcal"},{"key":"Fett","value":"23 g"},{"key":"Fett, davon gesättigte Fettsäuren","value":"15 g"},{"key":"Kohlenhydrate","value":"0 g"},{"key":"Kohlenhydrate, davon Zucker","value":"0 g"},{"key":"Eiweiß","value":"24 g"},{"key":"Salz","value":"1,3 g"}],"tags":["Gekühlt","Lactosefrei"]},
    {"url":"https://www.interspar.at/shop/lebensmittel/p/2020001362042","data":[{"key":"price","value":"1,29 €"},{"key":"oldPrice","value":"\n\t\t\t\t\t\n\t\t\t\t\t \n\t\t\t\t"},{"key":"pricePerUnit","value":"(6.45 €/kg)"},{"key":"productDetailsName","value":"NÖM fasten - Cottage Cheese natur - 200 G"},{"key":"detailsDescription","value":"200 G"},{"key":"articleNumber","value":"Artikelnummer: 2020001362042"},{"key":"Lagerhinweis:","value":["gekühlt (3-9°C). Nach dem Öffnen gekühlt lagern und innerhalb von 2-3 Tagen verbrauchen."]},{"key":"Zutaten:","value":["Zutaten: Gentechnikfreie MILCH**, MILCHEIWEISS, Speisesalz, Kulturen (Lactobacillus acidophilus, Bifidobacterium), Lab***. **laut Definition des Österreichischen Lebensmittelcodex für gentechnikfreie Produktion; Kontrolle durch argoVet GmbH; ***mikrobiell. In Großbuchstaben angegebene Zutaten enthalten allergene Inhaltsstoffe."]},{"key":"Allergene:","value":["Enthält:Milch und daraus gewonnene Erzeugnisse (inkl. Laktose)"]},{"key":"Identitätskennzeichen:","value":["AT 30960 EG"]},{"key":"Verbrauchen nach dem Öffnen:","value":["2 Tage"]},{"key":"Kontakt:","value":["NÖM AG","Vöslauer Straße 109, 2500 Baden, Österreich","0800 800 500","www.noemfasten.at","www.noem.at"]}],"nutritions":[{"key":"","value":"Unzubereitet"},{"key":" ","value":"100 g"},{"key":"Energie","value":"293 kJ | 69 kcal | 3 %"},{"key":"Fett","value":"0,9 g | 1 %"},{"key":"Fett, davon gesättigte Fettsäuren","value":"0,5 g | 3 %"},{"key":"Kohlenhydrate","value":"3,5 g | 1 %"},{"key":"Kohlenhydrate, davon Zucker","value":"3,5 g | 4 %"},{"key":"Eiweiß","value":"11,6 g | 23 %"},{"key":"Salz","value":"0,85 g | 14 %"}],"tags":["Gekühlt"]},
    {"url":"https://www.interspar.at/shop/lebensmittel/p/2020001706433","data":[{"key":"price","value":"1,49 €"},{"key":"oldPrice","value":"\n\t\t\t\t\t\n\t\t\t\t\tstatt 1,99 €\n\t\t\t\t"},{"key":"pricePerUnit","value":"(9.93 €/kg)"},{"key":"productDetailsName","value":"Bresso - Frischkäse gegrillte Paprika - 150 G"},{"key":"detailsDescription","value":"150 G"},{"key":"articleNumber","value":"Artikelnummer: 2020001706433"},{"key":"Lagerhinweis:","value":["Ungeöffnet und gekühlt mindestens haltbar bis: siehe Boden"]},{"key":"Zutaten:","value":["Zutaten: FRISCHKAESE, CREME FRAICHE, BUTTER, rote Paprika (11%), Speisesalz, Cayennepfeffer, Paprikapulver geräuchert, Zucker, Säuerungsmittel: Zitronensaft, Verdickungsmittel: Agar-Agar, E466, natürliches Aroma. Mit Stickstoff aufgeschlagen. In Großbuchstaben angegebene Zutaten enthalten allergene Inhaltsstoffe."]},{"key":"Allergene:","value":["Enthält:Milch und daraus gewonnene Erzeugnisse (inkl. Laktose)"]},{"key":"Zubereitung:","value":["VerzehrfertigVerzehrfertig"]},{"key":"Identitätskennzeichen:","value":["DE BY 714 EG"]},{"key":"Kontakt:","value":["Edelweiss GmbH & Co. KG","D-87435 Kempten"]}],"nutritions":[{"key":"","value":"Unzubereitet"},{"key":" ","value":"100 g"},{"key":"Energie","value":"908 kJ | 220 kcal"},{"key":"Fett","value":"20 g"},{"key":"Fett, davon gesättigte Fettsäuren","value":"13 g"},{"key":"Kohlenhydrate","value":"3,4 g"},{"key":"Kohlenhydrate, davon Zucker","value":"3,1 g"},{"key":"Eiweiß","value":"6,5 g"},{"key":"Salz","value":"1,2 g"},{"key":"","value":"Unzubereitet"},{"key":" ","value":"100 g"},{"key":"Energie","value":"182 kJ | 44 kcal"},{"key":"Fett","value":"4 g"},{"key":"Fett, davon gesättigte Fettsäuren","value":"2,6 g"},{"key":"Kohlenhydrate","value":"0,7 g"},{"key":"Kohlenhydrate, davon Zucker","value":"0,6 g"},{"key":"Eiweiß","value":"1,3 g"},{"key":"Salz","value":"0,24 g"}],"tags":["Gekühlt"]},
    {"url":"https://www.interspar.at/shop/lebensmittel/p/2020001978786","data":[{"key":"price","value":"1,59 €"},{"key":"oldPrice","value":"\n\t\t\t\t\t\n\t\t\t\t\t \n\t\t\t\t"},{"key":"pricePerUnit","value":"(7.95 €/kg)"},{"key":"productDetailsName","value":"Schärdinger - Breakfast & Lunch - 200 G"},{"key":"detailsDescription","value":"200 G"},{"key":"articleNumber","value":"Artikelnummer: 2020001978786"},{"key":"Lagerhinweis:","value":["Vor und nach dem Öffnen gekühlt (3-6°C) lagern.  Nach dem Öffnen innerhalb weinger Tage verbrauchen. Ungeöffnet mindestens haltbar bis: siehe Boden."]},{"key":"Zutaten:","value":["Zutaten: RAHM, MAGERMILCHPULVER, MOLKENPROTEIN, Salz, Verdickungsmittel Johannisbrotkernmehl, Carrageen.In Großbuchstaben angegebene Zutaten enthalten allergene Inhaltsstoffe."]},{"key":"Allergene:","value":["Enthält:Milch und daraus gewonnene Erzeugnisse (inkl. Laktose)"]},{"key":"Identitätskennzeichen:","value":["AT 30751 EG"]},{"key":"Kontakt:","value":["Berglandmilch eGen","Schubertstraße 30, A-4600 Wels"]}],"nutritions":[{"key":"","value":"Unzubereitet"},{"key":" ","value":"100 g"},{"key":"Energie","value":"1093 kJ | 264 kcal"},{"key":"Fett","value":"24 g"},{"key":"Fett, davon gesättigte Fettsäuren","value":"16 g"},{"key":"Kohlenhydrate","value":"6 g"},{"key":"Kohlenhydrate, davon Zucker","value":"6 g"},{"key":"Eiweiß","value":"5,1 g"},{"key":"Salz","value":"0,86 g"}],"tags":["Gekühlt"]},
    {"url":"https://www.interspar.at/shop/lebensmittel/p/2020001978793","data":[{"key":"price","value":"1,59 €"},{"key":"oldPrice","value":"\n\t\t\t\t\t\n\t\t\t\t\t \n\t\t\t\t"},{"key":"pricePerUnit","value":"(7.95 €/kg)"},{"key":"productDetailsName","value":"Schärdinger - Breakfast & Lunch - 200 G"},{"key":"detailsDescription","value":"200 G"},{"key":"articleNumber","value":"Artikelnummer: 2020001978793"},{"key":"Lagerhinweis:","value":["Vor und nach dem Öffnen gekühlt (3-6°C) lagern.  Nach dem Öffnen innerhalb weinger Tage verbrauchen. Ungeöffnet mindestens haltbar bis: siehe Boden."]},{"key":"Zutaten:","value":["Zutaten: RAHM, MAGERMILCHPULVER, MOLKENPROTEIN, Salz, Petersilie, Schnittlauch, Zwiebel, Zucker, Stärke, Knoblauch, Pfeffer, Verdickungsmittel Guarkernmehl, Johannisbrotkernmehl, Carrageen. In Großbuchstaben angegebene Zutaten enthalten allergene Inhaltsstoffe."]},{"key":"Allergene:","value":["Enthält:Milch und daraus gewonnene Erzeugnisse (inkl. Laktose)"]},{"key":"Identitätskennzeichen:","value":["AT 30751 EG"]},{"key":"Kontakt:","value":["Berglandmilch eGen","Schubertstraße 30, A-4600 Wels"]}],"nutritions":[{"key":"","value":"Unzubereitet"},{"key":" ","value":"100 g"},{"key":"Energie","value":"1044 kJ | 253 kcal"},{"key":"Fett","value":"23 g"},{"key":"Fett, davon gesättigte Fettsäuren","value":"15 g"},{"key":"Kohlenhydrate","value":"5,9 g"},{"key":"Kohlenhydrate, davon Zucker","value":"5,8 g"},{"key":"Eiweiß","value":"4,9 g"},{"key":"Salz","value":"1 g"}],"tags":["Gekühlt"]},
    {"url":"https://www.interspar.at/shop/lebensmittel/p/2020001978816","data":[{"key":"price","value":"1,59 €"},{"key":"oldPrice","value":"\n\t\t\t\t\t\n\t\t\t\t\t \n\t\t\t\t"},{"key":"pricePerUnit","value":"(7.95 €/kg)"},{"key":"productDetailsName","value":"Schärdinger - Breakfast & Lunch Liptauer - 200 G"},{"key":"detailsDescription","value":"200 G"},{"key":"articleNumber","value":"Artikelnummer: 2020001978816"},{"key":"Lagerhinweis:","value":["Vor und nach dem Öffnen gekühlt (3-6°C) lagern.  Nach dem Öffnen innerhalb weinger Tage verbrauchen. Ungeöffnet mindestens haltbar bis: siehe Boden."]},{"key":"Zutaten:","value":["Zutaten: 77% RAHM, MAGERMILCHPULVER, MOLKENPROTEIN, 7,5% Paprika, Tomatenmark, Zucker, Salz, 0,6% Paprikamark, SENF, modifizierte Stärke, Paprikapulver, Zwiebel, Chili, Paprikaextrakt, Knoblauch, Kümmel, Kapern, Schnittlauch, Kurkumaextrakt, Pfeffer, Verdickungsmittel Johannisbrotkernmehl, Carrageen. In Großbuchstaben angegeben Zutaten enthalten allergene Inhaltsstoffe."]},{"key":"Allergene:","value":["Enthält:Milch und daraus gewonnene Erzeugnisse (inkl. Laktose), Senf und daraus gewonnene Erzeugnisse"]},{"key":"Identitätskennzeichen:","value":["AT 30751 EG"]},{"key":"Kontakt:","value":["Berglandmilch eGen","Schubertstraße 30, A-4600 Wels"]}],"nutritions":[{"key":"","value":"Unzubereitet"},{"key":" ","value":"100 g"},{"key":"Energie","value":"993 kJ | 240 kcal"},{"key":"Fett","value":"21 g"},{"key":"Fett, davon gesättigte Fettsäuren","value":"13 g"},{"key":"Kohlenhydrate","value":"7,7 g"},{"key":"Kohlenhydrate, davon Zucker","value":"7,3 g"},{"key":"Eiweiß","value":"4,9 g"},{"key":"Salz","value":"1,1 g"}],"tags":[]},
    {"url":"https://www.interspar.at/shop/lebensmittel/p/2197883","data":[{"key":"price","value":"1,12 €"},{"key":"oldPrice","value":"\n\t\t\t\t\t\n\t\t\t\t\tstatt 2,19 €\n\t\t\t\t"},{"key":"pricePerUnit","value":"(7.47 €/kg)"},{"key":"productDetailsName","value":"Schärdinger - Mondseer in Scheiben - 150 G"},{"key":"detailsDescription","value":"150 G"},{"key":"articleNumber","value":"Artikelnummer: 2197883"},{"key":"Lagerhinweis:","value":["Vor und nach dem Öffnen gekühlt (3-6°C) lagern. Nach dem Öffnen innerhalb weniger Tage verbrauchen."]},{"key":"Zutaten:","value":["Zutaten: MILCH, Salz, Farbstoffe: Beta-Carotin, Annatto, mikrobielles Lab, Käsereikulturen. In Großbuchstaben angegebene Zutaten enthalten allergene Inhaltsstoffe."]},{"key":"Allergene:","value":["Enthält:Milch und daraus gewonnene Erzeugnisse (inkl. Laktose)"]},{"key":"","value":["Laktosefrei"]},{"key":"Identitätskennzeichen:","value":["AT 40153 EG"]},{"key":"Kontakt:","value":["Berglandmilch eGen","Schubertstraße 30, 4600 Wels, Österreich"]}],"nutritions":[{"key":"","value":"Unzubereitet"},{"key":" ","value":"100 g"},{"key":"Energie","value":"1367 kJ | 329 kcal"},{"key":"Fett","value":"25 g"},{"key":"Fett, davon gesättigte Fettsäuren","value":"16 g"},{"key":"Kohlenhydrate","value":"0 g"},{"key":"Kohlenhydrate, davon Zucker","value":"0 g"},{"key":"Eiweiß","value":"26 g"},{"key":"Salz","value":"1,8 g"}],"tags":["Gekühlt","Lactosefrei"]},
    {"url":"https://www.interspar.at/shop/lebensmittel/p/2352381","data":[{"key":"price","value":"5,99 €"},{"key":"oldPrice","value":"\n\t\t\t\t\t\n\t\t\t\t\t \n\t\t\t\t"},{"key":"pricePerUnit","value":"(9.36 €/kg)"},{"key":"productDetailsName","value":"Woerle - Gouda mild-fein - 640 G"},{"key":"detailsDescription","value":"640 G"},{"key":"articleNumber","value":"Artikelnummer: 2352381"},{"key":"Lagerhinweis:","value":["Gekühlt bei +2°C bis +7°C lagern. Nach dem Öffnen der Packung sollte das Produkt rasch verzehrt werden."]},{"key":"Zutaten:","value":["Zutaten: MILCH, Milchsäurebakterien, Lab, Salz, Farbstoff: Beta Carotin. In Großbuchstaben angegebene Zutaten enthalten allergene Inhaltsstoffe."]},{"key":"Allergene:","value":["Enthält:Milch und daraus gewonnene Erzeugnisse (inkl. Laktose)"]},{"key":"","value":["Laktosefrei"]},{"key":"Identitätskennzeichen:","value":["AT 50124 EG"]},{"key":"Kontakt:","value":["Gebrüder Woerle Ges.m.b.H.","Enzing 26, 5302 Henndorf, Österreich","woerle@woerle.at"]}],"nutritions":[{"key":"","value":"Unzubereitet"},{"key":" ","value":"100 g"},{"key":"Energie","value":"1333 kJ | 321 kcal"},{"key":"Fett","value":"25 g"},{"key":"Fett, davon gesättigte Fettsäuren","value":"18,3 g"},{"key":"Kohlenhydrate","value":"0 g"},{"key":"Kohlenhydrate, davon Zucker","value":"0 g"},{"key":"Eiweiß","value":"24 g"},{"key":"Salz","value":"1,75 g"}],"tags":["Gekühlt","Glutenfrei","Lactosefrei"]},
    {"url":"https://www.interspar.at/shop/lebensmittel/p/2391526","data":[{"key":"price","value":"5,39 €"},{"key":"oldPrice","value":"\n\t\t\t\t\t\n\t\t\t\t\t \n\t\t\t\t"},{"key":"pricePerUnit","value":"(11.98 €/kg)"},{"key":"productDetailsName","value":"Woerle - Der Mondseer herzhaft-pikant - 450 G"},{"key":"detailsDescription","value":"450 G"},{"key":"articleNumber","value":"Artikelnummer: 2391526"},{"key":"Lagerhinweis:","value":["Bei +2°C bis +7°C lagern. Nach dem Öffnen der Packung sollte das Produkt rasch verzehrt werden."]},{"key":"Zutaten:","value":["Zutaten: MILCH, Milchsäurebakterienkulturen, Salz, Farbstoff: Annatto, Beta Carotin; Lab. In Großbuchstaben angegebene Zutaten enthalten allergene Inhaltsstoffe."]},{"key":"Allergene:","value":["Enthält:Milch und daraus gewonnene Erzeugnisse (inkl. Laktose)"]},{"key":"Identitätskennzeichen:","value":["AT 50124 EG"]},{"key":"Kontakt:","value":["Gebrüder Woerle Ges.m.b.H.","Enzing 26, 5302 Henndorf, Österreich","woerle@woerle.at"]}],"nutritions":[{"key":"","value":"Unzubereitet"},{"key":" ","value":"100 g"},{"key":"Energie","value":"1336 kJ | 322 kcal"},{"key":"Fett","value":"26 g"},{"key":"Fett, davon gesättigte Fettsäuren","value":"19 g"},{"key":"Kohlenhydrate","value":"0 g"},{"key":"Kohlenhydrate, davon Zucker","value":"0 g"},{"key":"Eiweiß","value":"22 g"},{"key":"Salz","value":"1,5 g"}],"tags":["Gekühlt","Glutenfrei"]},
    {"url":"https://www.interspar.at/shop/lebensmittel/p/2391540","data":[{"key":"price","value":"5,99 €"},{"key":"oldPrice","value":"\n\t\t\t\t\t\n\t\t\t\t\t \n\t\t\t\t"},{"key":"pricePerUnit","value":"(9.36 €/kg)"},{"key":"productDetailsName","value":"Woerle - Butterkäse cremig-mild - 640 G"},{"key":"detailsDescription","value":"640 G"},{"key":"articleNumber","value":"Artikelnummer: 2391540"},{"key":"Lagerhinweis:","value":["Bei +2°C bis +7°C lagern."]},{"key":"Zutaten:","value":["Zutaten: MILCH, Milchsäurebakterienkulturen, Lab, Salz, Farbstoff: Beta Carotin. In Großbuchstaben angegebene Zutaten enthalten allergene Inhaltsstoffe."]},{"key":"Allergene:","value":["Enthält:Milch und daraus gewonnene Erzeugnisse (inkl. Laktose)"]},{"key":"","value":["Laktosefrei"]},{"key":"Identitätskennzeichen:","value":["AT 50124 EG"]},{"key":"Kontakt:","value":["Gebrüder Woerle Ges.m.b.H.","Enzing 26, 5302 Henndorf, Österreich","woerle@woerle.at"]}],"nutritions":[{"key":"","value":"Unzubereitet"},{"key":" ","value":"100 g"},{"key":"Energie","value":"1262 kJ | 304 kcal"},{"key":"Fett","value":"24 g"},{"key":"Fett, davon gesättigte Fettsäuren","value":"17,5 g"},{"key":"Kohlenhydrate","value":"0 g"},{"key":"Kohlenhydrate, davon Zucker","value":"0 g"},{"key":"Eiweiß","value":"22 g"},{"key":"Salz","value":"1,75 g"}],"tags":["Gekühlt","Glutenfrei","Lactosefrei"]},
    {"url":"https://www.interspar.at/shop/lebensmittel/p/2718453","data":[{"key":"price","value":"0,80 €"},{"key":"oldPrice","value":"\n\t\t\t\t\t\n\t\t\t\t\t \n\t\t\t\t"},{"key":"pricePerUnit","value":"(15.90 €/kg)"},{"key":"productDetailsName","value":"Schärdinger - Moosbacher - 1 KG"},{"key":"detailsDescription","value":"1 KG"},{"key":"articleNumber","value":"Artikelnummer: 2718453"},{"key":"Lagerhinweis:","value":["Gekühlt lagern bei 4-6°C."]},{"key":"Zutaten:","value":["Zutaten: MILCH, Salz, tierisches Lab, Festigungsmittel: Calciumchlorid, Käsereikulturen. Rinde nicht zum Verzehr geeignet.  In Großbuchstaben angegebene Zutaten enthalten allergene Inhaltsstoffe."]},{"key":"Allergene:","value":["Enthält:Milch und daraus gewonnene Erzeugnisse (inkl. Laktose)"]},{"key":"","value":["Laktosefrei"]},{"key":"Identitätskennzeichen:","value":["AT 60149 EG"]},{"key":"Kontakt:","value":["Berglandmilch eGen","Schubertstraße 30, 4600 Wels, Österreich"]}],"nutritions":[{"key":"","value":"Unzubereitet"},{"key":" ","value":"100 g"},{"key":"Energie","value":"1492 kJ | 359 kcal"},{"key":"Fett","value":"27 g"},{"key":"Fett, davon gesättigte Fettsäuren","value":"17 g"},{"key":"Kohlenhydrate","value":"0 g"},{"key":"Kohlenhydrate, davon Zucker","value":"0 g"},{"key":"Eiweiß","value":"29 g"},{"key":"Salz","value":"1,8 g"}],"tags":["Gekühlt","Glutenfrei","Lactosefrei"]},
    {"url":"https://www.interspar.at/shop/lebensmittel/p/2873343","data":[{"key":"price","value":"0,84 €"},{"key":"oldPrice","value":"\n\t\t\t\t\t\n\t\t\t\t\t \n\t\t\t\t"},{"key":"pricePerUnit","value":"(16.90 €/kg)"},{"key":"productDetailsName","value":"Bergader Basils - Rauchkäse Chili-Paprika - 1 KG"},{"key":"detailsDescription","value":"1 KG"},{"key":"articleNumber","value":"Artikelnummer: 2873343"},{"key":"Lagerhinweis:","value":["Gekühlt lagern bei +2°C bis +7°C."]},{"key":"Zutaten:","value":["Zutaten: pasteurisierte MILCH, Kochsalz, Milchsäurekulturen, Chili rot (0,4%), Chili grün (0,4%), Paprika (0,4%), Lab, Rauch. In Großbuchstaben angegebene Zutaten enthalten allergene Inhaltsstoffe."]},{"key":"Allergene:","value":["Enthält:Milch und daraus gewonnene Erzeugnisse (inkl. Laktose)"]},{"key":"Verbrauchen nach dem Öffnen:","value":["4 Tage","4 Tage"]},{"key":"Kontakt:","value":["Bergader Privatkäserei GmbH","Weixlerstraße 16 83329 Waging a. See","info@bergader.de"]}],"nutritions":[{"key":"","value":"Unzubereitet"},{"key":" ","value":"100 g"},{"key":"Energie","value":"1348 kJ | 325 kcal"},{"key":"Fett","value":"26 g"},{"key":"Fett, davon gesättigte Fettsäuren","value":"18 g"},{"key":"Kohlenhydrate","value":"0,3 g"},{"key":"Kohlenhydrate, davon Zucker","value":"0,1 g"},{"key":"Eiweiß","value":"24 g"},{"key":"Salz","value":"1,8 g"}],"tags":["Gekühlt","Glutenfrei"]},
    {"url":"https://www.interspar.at/shop/lebensmittel/p/2891217","data":[{"key":"price","value":"1,95 €"},{"key":"oldPrice","value":"\n\t\t\t\t\t\n\t\t\t\t\t \n\t\t\t\t"},{"key":"pricePerUnit","value":"(19.50 €/kg)"},{"key":"productDetailsName","value":"Käserebellen - Heublumenrebell - 1 KG"},{"key":"detailsDescription","value":"1 KG"},{"key":"articleNumber","value":"Artikelnummer: 2891217"},{"key":"Lagerhinweis:","value":["Gekühlt lagern bei +2° - 8°C."]},{"key":"Zutaten:","value":["Zutaten: MILCH, Salz, Käsereikulturen, tierisches Lab, Rinde mit Blütenmischung. In Großbuchstaben angegebene Zutaten enthalten allergene Inhaltsstoffe."]},{"key":"Allergene:","value":["Enthält:Milch und daraus gewonnene Erzeugnisse (inkl. Laktose)"]},{"key":"Identitätskennzeichen:","value":["DE BY 149 EG"]},{"key":"Ursprungsland/Herkunftsort:","value":["Deutschland"]},{"key":"Kontakt:","value":["Käserebellen GmbH","Auerbergstraße 8, 86989 Steingaden, Deutschland"]}],"nutritions":[{"key":"","value":"Unzubereitet"},{"key":" ","value":"100 g"},{"key":"Energie","value":"1701 kJ | 406 kcal"},{"key":"Fett","value":"34 g"},{"key":"Fett, davon gesättigte Fettsäuren","value":"22,4 g"},{"key":"Kohlenhydrate","value":"0,1 g"},{"key":"Kohlenhydrate, davon Zucker","value":"0,1 g"},{"key":"Ballaststoffe","value":"0 g"},{"key":"Eiweiß","value":"26 g"},{"key":"Salz","value":"1,5 g"}],"tags":["Gekühlt"]},
    {"url":"https://www.interspar.at/shop/lebensmittel/p/2950228","data":[{"key":"price","value":"2,09 €"},{"key":"oldPrice","value":"\n\t\t\t\t\t\n\t\t\t\t\t \n\t\t\t\t"},{"key":"pricePerUnit","value":"(10.45 €/kg)"},{"key":"productDetailsName","value":"Schärdinger - Pizzakäse - 200 G"},{"key":"detailsDescription","value":"200 G"},{"key":"articleNumber","value":"Artikelnummer: 2950228"},{"key":"Lagerhinweis:","value":["Vor und nach dem Öffnen gekühlt (3-6°C) lagern. Nach dem Öffnen innerhalb weniger Tage verbrauchen."]},{"key":"Zutaten:","value":["Zutaten: MILCH, 2% Maisstärke, Salz, Farbstoff: Beta-Carotin, mikrobielles Lab, Käsereikulturen. In Großbuchstaben angegebene Zutaten enthalten allergene Inhaltsstoffe."]},{"key":"Allergene:","value":["Enthält:Milch und daraus gewonnene Erzeugnisse (inkl. Laktose)"]},{"key":"","value":["Laktosefrei"]},{"key":"Identitätskennzeichen:","value":["AT 40153 EG"]},{"key":"Kontakt:","value":["Berglandmilch eGen","Schubertstraße 30, 4600 Wels, Österreich"]}],"nutritions":[{"key":"","value":"Unzubereitet"},{"key":" ","value":"100 g"},{"key":"Energie","value":"1379 kJ | 332 kcal"},{"key":"Fett","value":"25 g"},{"key":"Fett, davon gesättigte Fettsäuren","value":"16 g"},{"key":"Kohlenhydrate","value":"1,7 g"},{"key":"Kohlenhydrate, davon Zucker","value":"0 g"},{"key":"Eiweiß","value":"25 g"},{"key":"Salz","value":"1,8 g"}],"tags":["Gekühlt","Glutenfrei","Lactosefrei"]},
    {"url":"https://www.interspar.at/shop/lebensmittel/p/3202425","data":[{"key":"price","value":"2,29 €"},{"key":"oldPrice","value":"\n\t\t\t\t\t\n\t\t\t\t\t \n\t\t\t\t"},{"key":"pricePerUnit","value":"(11.45 €/kg)"},{"key":"productDetailsName","value":"Schärdinger - Gratinkäse - 200 G"},{"key":"detailsDescription","value":"200 G"},{"key":"articleNumber","value":"Artikelnummer: 3202425"},{"key":"Lagerhinweis:","value":["Vor und nach dem Öffnen gekühlt (3 - 6 °C) lagern. Nach dem Öffnen innerhalb weniger Tage verbrauchen."]},{"key":"Zutaten:","value":["Zutaten: MILCH, Salz, 1% Maisstärke, Farbstoff Beta-Carotin, mikrobielles Lab, Käsereikulturen. In Großbuchstaben angegebene Zutaten enthalten allergene Inhaltsstoffe."]},{"key":"Allergene:","value":["Enthält:Milch und daraus gewonnene Erzeugnisse (inkl. Laktose)"]},{"key":"","value":["Laktosefrei"]},{"key":"Identitätskennzeichen:","value":["AT 40153 EG"]},{"key":"Kontakt:","value":["Berglandmilch eGen","Schubertstraße 30, 4600 Wels, Österreich"]}],"nutritions":[{"key":"","value":"Unzubereitet"},{"key":" ","value":"100 g"},{"key":"Energie","value":"1492 kJ | 359 kcal"},{"key":"Fett","value":"28 g"},{"key":"Fett, davon gesättigte Fettsäuren","value":"18 g"},{"key":"Kohlenhydrate","value":"0,9 g"},{"key":"Kohlenhydrate, davon Zucker","value":"0 g"},{"key":"Eiweiß","value":"27 g"},{"key":"Salz","value":"1,8 g"}],"tags":["Gekühlt","Glutenfrei","Lactosefrei"]},
    {"url":"https://www.interspar.at/shop/lebensmittel/p/3202432","data":[{"key":"price","value":"2,19 €"},{"key":"oldPrice","value":"\n\t\t\t\t\t\n\t\t\t\t\t \n\t\t\t\t"},{"key":"pricePerUnit","value":"(10.95 €/kg)"},{"key":"productDetailsName","value":"Schärdinger - Spätzlekäse - 200 G"},{"key":"detailsDescription","value":"200 G"},{"key":"articleNumber","value":"Artikelnummer: 3202432"},{"key":"Lagerhinweis:","value":["Vor und nach dem Öffnen gekühlt (3-6°C) lagern. Nach dem Öffnen innerhalb weniger Tage verbrauchen."]},{"key":"Zutaten:","value":["Zutaten: MILCH, Salz, 1% Maisstärke, Farbstoff: Beta-Carotin, mikrobielles Lab, Käsereikulturen. In Großbuchstaben angegebene Zutaten enthalten allergene Inhaltsstoffe."]},{"key":"Allergene:","value":["Enthält:Milch und daraus gewonnene Erzeugnisse (inkl. Laktose)"]},{"key":"","value":["Laktosefrei"]},{"key":"Identitätskennzeichen:","value":["AT 40153 EG"]},{"key":"Kontakt:","value":["Berglandmilch eGen","Schubertstraße 30, 4600 Wels, Österreich"]}],"nutritions":[{"key":"","value":"Unzubereitet"},{"key":" ","value":"100 g"},{"key":"Energie","value":"1473 kJ | 355 kcal"},{"key":"Fett","value":"27 g"},{"key":"Fett, davon gesättigte Fettsäuren","value":"17 g"},{"key":"Kohlenhydrate","value":"0,9 g"},{"key":"Kohlenhydrate, davon Zucker","value":"0 g"},{"key":"Eiweiß","value":"27 g"},{"key":"Salz","value":"1,8 g"}],"tags":["Gekühlt","Glutenfrei","Lactosefrei"]},
    {"url":"https://www.interspar.at/shop/lebensmittel/p/3358368","data":[{"key":"price","value":"0,80 €"},{"key":"oldPrice","value":"\n\t\t\t\t\t\n\t\t\t\t\t \n\t\t\t\t"},{"key":"pricePerUnit","value":"(15.90 €/kg)"},{"key":"productDetailsName","value":"Schärdinger - Amadeus - 1 KG"},{"key":"detailsDescription","value":"1 KG"},{"key":"articleNumber","value":"Artikelnummer: 3358368"},{"key":"Lagerhinweis:","value":["Vor und nach dem Öffnen bei 3-6°C lagern. Nach dem Öffnen innerhalb weniger Tage verbrauchen."]},{"key":"Zutaten:","value":["Zutaten: MILCH, Salz, Farbstoff: Beta-Carotin, Konservierungsstoff: Natamycin*, tierisches Lab, Käsereikulturen. *in der Rinde. In Großbuchstaben angegebene Zutaten enthalten allergene Inhaltsstoffe."]},{"key":"Allergene:","value":["Enthält:Milch und daraus gewonnene Erzeugnisse (inkl. Laktose)"]},{"key":"","value":["Laktosefrei"]},{"key":"Identitätskennzeichen:","value":["AT 60149 EG"]},{"key":"Ursprungsland/Herkunftsort:","value":["Österreich"]},{"key":"Kontakt:","value":["Berglandmilch eGen","Schubertstraße 30, 4600 Wels, Österreich"]}],"nutritions":[{"key":"","value":"Unzubereitet"},{"key":" ","value":"100 g"},{"key":"Energie","value":"1481 kJ | 357 kcal"},{"key":"Fett","value":"29 g"},{"key":"Fett, davon gesättigte Fettsäuren","value":"19 g"},{"key":"Kohlenhydrate","value":"0 g"},{"key":"Kohlenhydrate, davon Zucker","value":"0 g"},{"key":"Eiweiß","value":"24 g"},{"key":"Salz","value":"2 g"}],"tags":["Glutenfrei","Lactosefrei"]},
    {"url":"https://www.interspar.at/shop/lebensmittel/p/3418055","data":[{"key":"price","value":"1,30 €"},{"key":"oldPrice","value":"\n\t\t\t\t\t\n\t\t\t\t\t \n\t\t\t\t"},{"key":"pricePerUnit","value":"(25.90 €/kg)"},{"key":"productDetailsName","value":"Waldviertler - Selchkäse - 1 KG"},{"key":"detailsDescription","value":"1 KG"},{"key":"articleNumber","value":"Artikelnummer: 3418055"},{"key":"Lagerhinweis:","value":["Gekühlt lagern."]},{"key":"Allergene:","value":["Enthält:Milch und daraus gewonnene Erzeugnisse (inkl. Laktose)"]},{"key":"Identitätskennzeichen:","value":["AT 31811 EG"]},{"key":"Kontakt:","value":["Die Käsemacher GmbH","Europastraße 5, 3902 Vitis, Österreich"]}],"nutritions":[{"key":"","value":"Unzubereitet"},{"key":" ","value":"100 g"},{"key":"Energie","value":"1553 kJ | 375 kcal"},{"key":"Fett","value":"31 g"},{"key":"Fett, davon gesättigte Fettsäuren","value":"24 g"},{"key":"Kohlenhydrate","value":"2 g"},{"key":"Kohlenhydrate, davon Zucker","value":"2 g"},{"key":"Ballaststoffe","value":"0 g"},{"key":"Eiweiß","value":"21 g"},{"key":"Salz","value":"1,5 g"},{"key":"Broteinheiten","value":"0,2 BE"}],"tags":["Gekühlt","Glutenfrei"]},
    {"url":"https://www.interspar.at/shop/lebensmittel/p/3454121","data":[{"key":"price","value":"2,49 €"},{"key":"oldPrice","value":"\n\t\t\t\t\t\n\t\t\t\t\t \n\t\t\t\t"},{"key":"pricePerUnit","value":"(12.45 €/kg)"},{"key":"productDetailsName","value":"Alma - Österreichischer Bergkäse gerieben - 200 G"},{"key":"detailsDescription","value":"200 G"},{"key":"articleNumber","value":"Artikelnummer: 3454121"},{"key":"Lagerhinweis:","value":["Vor und nach dem Öffnen gekühlt lagern (+2°C bis +8°C) und innerhalb von 3-4 Tagen verzehren."]},{"key":"Zutaten:","value":["Zutaten: BERGKÄSE (97%) mit ROHMILCH, Stärke. In Großbuchstaben angegebene Zutaten enthalten allergene Inhaltsstoffe."]},{"key":"Allergene:","value":["Enthält:Milch und daraus gewonnene Erzeugnisse (inkl. Laktose)"]},{"key":"Identitätskennzeichen:","value":["DE BY 70710 EG"]},{"key":"Verbrauchen nach dem Öffnen:","value":["3 Tage"]},{"key":"Kontakt:","value":["Alma","Krüzastraße 8, 6912 Hörbranz am Bodensee, Österreich"]}],"nutritions":[{"key":"","value":"Unzubereitet"},{"key":" ","value":"100 g"},{"key":"Energie","value":"1768 kJ | 426 kcal"},{"key":"Fett","value":"34 g"},{"key":"Fett, davon gesättigte Fettsäuren","value":"22 g"},{"key":"Kohlenhydrate","value":"3 g"},{"key":"Kohlenhydrate, davon Zucker","value":"0 g"},{"key":"Eiweiß","value":"27 g"},{"key":"Salz","value":"1,5 g"}],"tags":[]},
    {"url":"https://www.interspar.at/shop/lebensmittel/p/3464229","data":[{"key":"price","value":"2,15 €"},{"key":"oldPrice","value":"\n\t\t\t\t\t\n\t\t\t\t\t \n\t\t\t\t"},{"key":"pricePerUnit","value":"(14.33 €/kg)"},{"key":"productDetailsName","value":"Schärdinger - Jerome - 150 G"},{"key":"detailsDescription","value":"150 G"},{"key":"articleNumber","value":"Artikelnummer: 3464229"},{"key":"Lagerhinweis:","value":["Vor und nach dem Öffnen gekühlt (3-6°C) lagern. Nach dem Öffnen innerhalb weniger Tage verbrauchen."]},{"key":"Zutaten:","value":["Zutaten: MILCH, Salz, Farbstoffe: Beta-Carotin, Annatto, Käsereikulturen, mikrobielles Lab. In Großbuchstaben angegebene Zutaten enthalten allergene Inhaltsstoffe."]},{"key":"Allergene:","value":["Enthält:Milch und daraus gewonnene Erzeugnisse (inkl. Laktose)"]},{"key":"","value":["Laktosefrei"]},{"key":"Identitätskennzeichen:","value":["AT 40153 EG"]},{"key":"Kontakt:","value":["Berglandmilch eGen","Schubertstraße 30, 4600 Wels, Österreich"]}],"nutritions":[{"key":"","value":"Unzubereitet"},{"key":" ","value":"100 g"},{"key":"Energie","value":"1350 kJ | 325 kcal"},{"key":"Fett","value":"25 g"},{"key":"Fett, davon gesättigte Fettsäuren","value":"16 g"},{"key":"Kohlenhydrate","value":"0 g"},{"key":"Kohlenhydrate, davon Zucker","value":"0 g"},{"key":"Eiweiß","value":"25 g"},{"key":"Salz","value":"2 g"}],"tags":["Glutenfrei","Lactosefrei"]},
    {"url":"https://www.interspar.at/shop/lebensmittel/p/3464885","data":[{"key":"price","value":"0,80 €"},{"key":"oldPrice","value":"\n\t\t\t\t\t\n\t\t\t\t\t \n\t\t\t\t"},{"key":"pricePerUnit","value":"(15.90 €/kg)"},{"key":"productDetailsName","value":"Schärdinger - Jerome - 1 KG"},{"key":"detailsDescription","value":"1 KG"},{"key":"articleNumber","value":"Artikelnummer: 3464885"},{"key":"Lagerhinweis:","value":["Vor und nach dem Öffnen gekühlt (3-6° C) lagern. Nach dem Öffnen innerhalb weniger Tage verbrauchen."]},{"key":"Zutaten:","value":["Zutaten: MILCH, Salz, Farbstoffe: Beta-Carotin, Annatto; Käsereikulturen, mikrobielles Lab. In Großbuchstaben angegebene Zutaten enthalten allergene Inhaltsstoffe."]},{"key":"Allergene:","value":["Enthält:Milch und daraus gewonnene Erzeugnisse (inkl. Laktose)"]},{"key":"","value":["Laktosefrei"]},{"key":"Identitätskennzeichen:","value":["AT 40153 EG"]},{"key":"Ursprungsland/Herkunftsort:","value":["Österreich"]},{"key":"Kontakt:","value":["Berglandmilch eGen","Schubertstraße 30, 4600 Wels, Österreich"]}],"nutritions":[{"key":"","value":"Unzubereitet"},{"key":" ","value":"100 g"},{"key":"Energie","value":"1350 kJ | 325 kcal"},{"key":"Fett","value":"25 g"},{"key":"Fett, davon gesättigte Fettsäuren","value":"16 g"},{"key":"Kohlenhydrate","value":"0 g"},{"key":"Kohlenhydrate, davon Zucker","value":"0 g"},{"key":"Eiweiß","value":"25 g"},{"key":"Salz","value":"2 g"}],"tags":["Gekühlt","Glutenfrei","Lactosefrei"]},
    {"url":"https://www.interspar.at/shop/lebensmittel/p/3464908","data":[{"key":"price","value":"1,12 €"},{"key":"oldPrice","value":"\n\t\t\t\t\t\n\t\t\t\t\tstatt 2,19 €\n\t\t\t\t"},{"key":"pricePerUnit","value":"(7.47 €/kg)"},{"key":"productDetailsName","value":"Schärdinger - Bergbaron in Scheiben - 150 G"},{"key":"detailsDescription","value":"150 G"},{"key":"articleNumber","value":"Artikelnummer: 3464908"},{"key":"Lagerhinweis:","value":["Vor und nach dem Öffnen gekühlt (3-6° C) lagern. Nach dem Öffnen innerhalb weniger Tage verbrauchen."]},{"key":"Zutaten:","value":["Zutaten: MILCH, Salz,Farbstoff Beta-Carotin, mikrobielles Lab, Käsereikulturen. In Großbuchstaben angegebene Zutaten enthalten allergene Inhaltsstoffe."]},{"key":"Allergene:","value":["Enthält:Milch und daraus gewonnene Erzeugnisse (inkl. Laktose)"]},{"key":"","value":["Laktosefrei"]},{"key":"Identitätskennzeichen:","value":["AT 40153 EG"]},{"key":"Kontakt:","value":["Berglandmilch eGen","Schubertstraße 30, 4600 Wels, Österreich"]}],"nutritions":[{"key":"","value":"Unzubereitet"},{"key":" ","value":"100 g"},{"key":"Energie","value":"1438 kJ | 346 kcal"},{"key":"Fett","value":"26 g"},{"key":"Fett, davon gesättigte Fettsäuren","value":"17 g"},{"key":"Kohlenhydrate","value":"0 g"},{"key":"Kohlenhydrate, davon Zucker","value":"0 g"},{"key":"Eiweiß","value":"28 g"},{"key":"Salz","value":"1,25 g"}],"tags":["Gekühlt","Glutenfrei","Lactosefrei"]},
    {"url":"https://www.interspar.at/shop/lebensmittel/p/3464922","data":[{"key":"price","value":"1,12 €"},{"key":"oldPrice","value":"\n\t\t\t\t\t\n\t\t\t\t\tstatt 2,19 €\n\t\t\t\t"},{"key":"pricePerUnit","value":"(7.47 €/kg)"},{"key":"productDetailsName","value":"Schärdinger - Gouda in Scheiben - 150 G"},{"key":"detailsDescription","value":"150 G"},{"key":"articleNumber","value":"Artikelnummer: 3464922"},{"key":"Lagerhinweis:","value":["Vor und nach dem Öffnen gekühlt (3-6°C) lagern. Nach dem Öffnen innerhalb weniger Tage verbrauchen."]},{"key":"Zutaten:","value":["Zutaten: MILCH, Salz, Farbstoff: Beta-Carotin, mikrobielles Lab, Käsereikulturen. In Großbuchstaben angegebene Zutaten enthalten allergene Inhaltsstoffe."]},{"key":"Allergene:","value":["Enthält:Milch und daraus gewonnene Erzeugnisse (inkl. Laktose)"]},{"key":"","value":["Laktosefrei"]},{"key":"Identitätskennzeichen:","value":["AT 40153 EG"]},{"key":"Kontakt:","value":["Berglandmilch eGen","Schubertstraße 30, 4600 Wels, Österreich"]}],"nutritions":[{"key":"","value":"Unzubereitet"},{"key":" ","value":"100 g"},{"key":"Energie","value":"1404 kJ | 338 kcal"},{"key":"Fett","value":"26 g"},{"key":"Fett, davon gesättigte Fettsäuren","value":"17 g"},{"key":"Kohlenhydrate","value":"0 g"},{"key":"Kohlenhydrate, davon Zucker","value":"0 g"},{"key":"Eiweiß","value":"26 g"},{"key":"Salz","value":"1,3 g"}],"tags":["Gekühlt","Glutenfrei","Lactosefrei"]},
    {"url":"https://www.interspar.at/shop/lebensmittel/p/3568781","data":[{"key":"price","value":"1,49 €"},{"key":"oldPrice","value":"\n\t\t\t\t\t\n\t\t\t\t\tstatt 1,99 €\n\t\t\t\t"},{"key":"pricePerUnit","value":"(9.93 €/kg)"},{"key":"productDetailsName","value":"Bresso - Kräuter der Provence - 150 G"},{"key":"detailsDescription","value":"150 G"},{"key":"articleNumber","value":"Artikelnummer: 3568781"},{"key":"Lagerhinweis:","value":["Gekühlt lagern."]},{"key":"Zutaten:","value":["Zutaten: FRISCHKÄSE, CRÉME FRAÎCHE, BUTTER, Wasser, Speisesalz, Kräuter, Gewürze, Zucker, Verdickungsmittel: Carboxymethylcellulose; Speisegelatine, natürliche Aromen, Säuerungsmittel: Citronensäure. In Großbuchstaben angegebene Zutaten enthalten allergene Inhaltsstoffe."]},{"key":"Allergene:","value":["Enthält:Milch und daraus gewonnene Erzeugnisse (inkl. Laktose)"]},{"key":"Identitätskennzeichen:","value":["DE BY 714 EG"]},{"key":"Zusatztext:","value":["Mit Stickstoff aufgeschlagen."]},{"key":"Kontakt:","value":["Bresso","PF 45, 1104 Wien, Österreich"]}],"nutritions":[{"key":"","value":"Unzubereitet"},{"key":" ","value":"100 g"},{"key":"Energie","value":"994 kJ | 240 kcal"},{"key":"Fett","value":"22 g"},{"key":"Fett, davon gesättigte Fettsäuren","value":"14 g"},{"key":"Kohlenhydrate","value":"2,8 g"},{"key":"Kohlenhydrate, davon Zucker","value":"2,8 g"},{"key":"Eiweiß","value":"7,8 g"},{"key":"Salz","value":"1,1 g"},{"key":"","value":"Unzubereitet"},{"key":" ","value":"Portion (20 g)"},{"key":"Energie","value":"200 kJ | 48 kcal"},{"key":"Fett","value":"4,4 g"},{"key":"Fett, davon gesättigte Fettsäuren","value":"2,8 g"},{"key":"Kohlenhydrate","value":"0,6 g"},{"key":"Kohlenhydrate, davon Zucker","value":"0,6 g"},{"key":"Eiweiß","value":"1,6 g"},{"key":"Salz","value":"0,2 g"}],"tags":["Glutenfrei"]},
    {"url":"https://www.interspar.at/shop/lebensmittel/p/3570241","data":[{"key":"price","value":"1,39 €"},{"key":"oldPrice","value":"\n\t\t\t\t\t\n\t\t\t\t\t \n\t\t\t\t"},{"key":"pricePerUnit","value":"(6.95 €/kg)"},{"key":"productDetailsName","value":"Exquisa - Der Sahnige Kräuter - 200 G"},{"key":"detailsDescription","value":"200 G"},{"key":"articleNumber","value":"Artikelnummer: 3570241"},{"key":"Lagerhinweis:","value":["Nach dem Öffnen alsbald verzehren"]},{"key":"Zutaten:","value":["Zutaten: FRISCHKÄSE, Kräuter, Gewürze, Speisesalz, Knoblauch, Zucker, Gewürzextrakte, Verdickungsmittel: Johannisbrotkernmehl. In Großbuchstaben angegebene Zutaten enthalten allergene Inhaltsstoffe."]},{"key":"Allergene:","value":["Enthält:Milch und daraus gewonnene Erzeugnisse (inkl. Laktose)"]},{"key":"Identitätskennzeichen:","value":["DE BY 706 EG"]},{"key":"Verwendungshinweis:","value":["Nach dem Öffnen alsbald verzehren"]},{"key":"Kontakt:","value":["Karwendel","D-86802 Buchloe"]}],"nutritions":[{"key":" ","value":"100 g"},{"key":"","value":"Unzubereitet"},{"key":"Energie","value":"1009 kJ | 244 kcal"},{"key":"Fett","value":"23 g"},{"key":"Fett, davon gesättigte Fettsäuren","value":"16,1 g"},{"key":"Kohlenhydrate","value":"3,7 g"},{"key":"Kohlenhydrate, davon Zucker","value":"3,7 g"},{"key":"Eiweiß","value":"5,5 g"},{"key":"Salz","value":"1,3 g"}],"tags":["Glutenfrei"]},
    {"url":"https://www.interspar.at/shop/lebensmittel/p/3570265","data":[{"key":"price","value":"1,39 €"},{"key":"oldPrice","value":"\n\t\t\t\t\t\n\t\t\t\t\t \n\t\t\t\t"},{"key":"pricePerUnit","value":"(6.95 €/kg)"},{"key":"productDetailsName","value":"Exquisa - Joghurt Kräuter - 200 G"},{"key":"detailsDescription","value":"200 G"},{"key":"articleNumber","value":"Artikelnummer: 3570265"},{"key":"Lagerhinweis:","value":["Vor und nach dem Öffnen bei +6 bis +8°C lagern. Nach dem Öffnen alsbald verzehren."]},{"key":"Zutaten:","value":["Zutaten: FRISCHKÄSE, 30% Joghurt (aus entrahmter MILCH), MILCHEIWEISS, Speisesalz, Kräuter, Gewürze, Knoblauch, Zucker, Gewürzextrakte, Verdickungsmittel: Johannisbrotkernmehl, Carrageen. In Großbuchstaben angegebene Zutaten enthalten allergene Inhaltsstoffe."]},{"key":"Allergene:","value":["Enthält:Milch und daraus gewonnene Erzeugnisse (inkl. Laktose)"]},{"key":"Identitätskennzeichen:","value":["DE BY 706 EG"]},{"key":"Ursprungsland/Herkunftsort:","value":["Deutschland"]},{"key":"Kontakt:","value":["Karwendel-Werke","Karwendelstraße 6-16, 86802 Buchloe, Deutschland"]}],"nutritions":[{"key":"","value":"Unzubereitet"},{"key":" ","value":"100 g"},{"key":"Energie","value":"702 kJ | 169 kcal"},{"key":"Fett","value":"14 g"},{"key":"Fett, davon gesättigte Fettsäuren","value":"10 g"},{"key":"Kohlenhydrate","value":"3,6 g"},{"key":"Kohlenhydrate, davon Zucker","value":"3,5 g"},{"key":"Eiweiß","value":"7,1 g"},{"key":"Salz","value":"1,15 g"}],"tags":["Glutenfrei"]},
    {"url":"https://www.interspar.at/shop/lebensmittel/p/3573662","data":[{"key":"price","value":"1,49 €"},{"key":"oldPrice","value":"\n\t\t\t\t\t\n\t\t\t\t\tstatt 1,99 €\n\t\t\t\t"},{"key":"pricePerUnit","value":"(9.93 €/kg)"},{"key":"productDetailsName","value":"Bresso - Kren / Meerrettich - 150 G"},{"key":"detailsDescription","value":"150 G"},{"key":"articleNumber","value":"Artikelnummer: 3573662"},{"key":"Lagerhinweis:","value":["Gekühlt lagern."]},{"key":"Zutaten:","value":["Zutaten: FRISCHKÄSE, CRÉME FRAÎCHE, BUTTER, Meerrettich (6%), Pflanzenöl (Raps), Speisesalz, Verdickungsmittel: Carboxymethylcellulose, Speisegelatine. In Großbuchstaben angegebene Zutaten enthalten allergene Inhaltsstoffe."]},{"key":"Allergene:","value":["Enthält:Milch und daraus gewonnene Erzeugnisse (inkl. Laktose)"]},{"key":"Identitätskennzeichen:","value":["DE BY 714 EG"]},{"key":"Kontakt:","value":["Bresso","PF 45, 1104 Wien, Österreich"]}],"nutritions":[{"key":"","value":"Unzubereitet"},{"key":" ","value":"100 g"},{"key":"Energie","value":"996 kJ | 241 kcal"},{"key":"Fett","value":"22 g"},{"key":"Fett, davon gesättigte Fettsäuren","value":"14 g"},{"key":"Kohlenhydrate","value":"3,2 g"},{"key":"Kohlenhydrate, davon Zucker","value":"2,8 g"},{"key":"Eiweiß","value":"7,5 g"},{"key":"Salz","value":"1 g"},{"key":"","value":"Unzubereitet"},{"key":" ","value":"Portion (20 g)"},{"key":"Energie","value":"199 kJ | 48 kcal"},{"key":"Fett","value":"4,4 g"},{"key":"Fett, davon gesättigte Fettsäuren","value":"2,9 g"},{"key":"Kohlenhydrate","value":"0,6 g"},{"key":"Kohlenhydrate, davon Zucker","value":"0,6 g"},{"key":"Eiweiß","value":"1,5 g"},{"key":"Salz","value":"0,2 g"}],"tags":["Glutenfrei"]},
    {"url":"https://www.interspar.at/shop/lebensmittel/p/3969830","data":[{"key":"price","value":"2,59 €"},{"key":"oldPrice","value":"\n\t\t\t\t\t\n\t\t\t\t\t \n\t\t\t\t"},{"key":"pricePerUnit","value":"(5.18 €/kg)"},{"key":"productDetailsName","value":"Kärntnermilch - Mascarpone - 500 G"},{"key":"detailsDescription","value":"500 G"},{"key":"articleNumber","value":"Artikelnummer: 3969830"},{"key":"Lagerhinweis:","value":["Nach dem Öffnen gekühlt lagern und innerhalb von 3 Tagen verbrauchen."]},{"key":"Zutaten:","value":["Zutaten: pasteurisierter RAHM, MILCH. In Großbuchstaben angegebene Zutaten enthalten allergene Inhaltsstoffe."]},{"key":"Allergene:","value":["Enthält:Milch und daraus gewonnene Erzeugnisse (inkl. Laktose)"]},{"key":"Identitätskennzeichen:","value":["AT-20130-EG"]},{"key":"Ursprungsland/Herkunftsort:","value":["Österreich"]},{"key":"Verbrauchen nach dem Öffnen:","value":["3 Tage"]},{"key":"Kontakt:","value":["Kärntnermilch reg. Gen.m.b.H.","Villacher Straße 92, 9800 Spittal/Drau, Österreich"]}],"nutritions":[{"key":"","value":"Unzubereitet"},{"key":" ","value":"100 g"},{"key":"Energie","value":"1699 kJ | 413 kcal"},{"key":"Fett","value":"43 g"},{"key":"Fett, davon gesättigte Fettsäuren","value":"30 g"},{"key":"Kohlenhydrate","value":"2,5 g"},{"key":"Kohlenhydrate, davon Zucker","value":"2,5 g"},{"key":"Eiweiß","value":"3,8 g"},{"key":"Salz","value":"0,1 g"}],"tags":["Glutenfrei"]},
    {"url":"https://www.interspar.at/shop/lebensmittel/p/3969847","data":[{"key":"price","value":"1,69 €"},{"key":"oldPrice","value":"\n\t\t\t\t\t\n\t\t\t\t\t \n\t\t\t\t"},{"key":"pricePerUnit","value":"(8.45 €/kg)"},{"key":"productDetailsName","value":"Kärntnermilch - Mascarpone - 200 G"},{"key":"detailsDescription","value":"200 G"},{"key":"articleNumber","value":"Artikelnummer: 3969847"},{"key":"Lagerhinweis:","value":["Gekühlt lagern. Nach dem Öffnen gekühlt lagern und innerhalb von einigen Tagen verbrauchen."]},{"key":"Zutaten:","value":["Zutaten: pasteurisierter RAHM, MILCH. In Großbuchstaben angegebene Zutaten enthalten allergene Inhaltsstoffe."]},{"key":"Allergene:","value":["Enthält:Milch und daraus gewonnene Erzeugnisse (inkl. Laktose)"]},{"key":"Identitätskennzeichen:","value":["AT-20130-EG"]},{"key":"Ursprungsland/Herkunftsort:","value":["Österreich"]},{"key":"Kontakt:","value":["Kärntnermilch reg. Gen.m.b.H.","Villacher Straße 92, 9800 Spittal/Drau, Österreich"]}],"nutritions":[{"key":"","value":"Unzubereitet"},{"key":" ","value":"100 g"},{"key":"Energie","value":"1661 kJ | 403 kcal"},{"key":"Fett","value":"42 g"},{"key":"Fett, davon gesättigte Fettsäuren","value":"29 g"},{"key":"Kohlenhydrate","value":"2,5 g"},{"key":"Kohlenhydrate, davon Zucker","value":"2,5 g"},{"key":"Eiweiß","value":"3,8 g"},{"key":"Salz","value":"0,03 g"}],"tags":["Glutenfrei"]},
    {"url":"https://www.interspar.at/shop/lebensmittel/p/4108511","data":[{"key":"price","value":"0,64 €"},{"key":"oldPrice","value":"\n\t\t\t\t\t\n\t\t\t\t\t \n\t\t\t\t"},{"key":"pricePerUnit","value":"(12.90 €/kg)"},{"key":"productDetailsName","value":"Käsehof - Almsenner Pinzgauer Bierkäse - 1 KG"},{"key":"detailsDescription","value":"1 KG"},{"key":"articleNumber","value":"Artikelnummer: 4108511"},{"key":"Lagerhinweis:","value":["Gekühlt lagern bei +2 bis +6°C."]},{"key":"Zutaten:","value":["Zutaten: pasteurisierte MILCH, Käsereikulturen, mikrobielles Lab, Speisesalz. In Großbuchstaben angegebene Zutaten enthalten allergene Inhaltsstoffe."]},{"key":"Allergene:","value":["Enthält:Milch und daraus gewonnene Erzeugnisse (inkl. Laktose)"]},{"key":"Identitätskennzeichen:","value":["AT 50164 EG"]},{"key":"Kontakt:","value":["Pinzgau Milch Produktions GmbH","Saalfeldner Strasse 2, 5751 Maishofen, Österreich"]}],"nutritions":[{"key":"","value":"Unzubereitet"},{"key":" ","value":"100 g"},{"key":"Energie","value":"883 kJ | 210 kcal"},{"key":"Fett","value":"8 g"},{"key":"Fett, davon gesättigte Fettsäuren","value":"4,8 g"},{"key":"Kohlenhydrate","value":"0,5 g"},{"key":"Kohlenhydrate, davon Zucker","value":"0,5 g"},{"key":"Ballaststoffe","value":"0 g"},{"key":"Eiweiß","value":"34 g"},{"key":"Salz","value":"1,8 g"}],"tags":["Gekühlt"]},
    {"url":"https://www.interspar.at/shop/lebensmittel/p/4119623","data":[{"key":"price","value":"0,78 €"},{"key":"oldPrice","value":"\n\t\t\t\t\t\n\t\t\t\t\t \n\t\t\t\t"},{"key":"pricePerUnit","value":"(15.50 €/kg)"},{"key":"productDetailsName","value":"Emmi - G'räucherter Typ Gouda - 1 KG"},{"key":"detailsDescription","value":"1 KG"},{"key":"articleNumber","value":"Artikelnummer: 4119623"},{"key":"Lagerhinweis:","value":["Gekühlt lagern bei +2°C bis +7°C."]},{"key":"Zutaten:","value":["Zutaten: pasteurisierte MILCH, Speisesalz, Farbstoff: Beta Caroin. In Großbuchstaben angegebene Zutaten enthalten allergene Inhaltsstoffe."]},{"key":"Allergene:","value":["Enthält:Milch und daraus gewonnene Erzeugnisse (inkl. Laktose)"]},{"key":"","value":["Glutenfrei","Laktosefrei"]},{"key":"Ursprungsland/Herkunftsort:","value":["Österreich"]},{"key":"Kontakt:","value":["Emmi Österreich GmbH","Illweg 8, 6714 Nüziders, Österreich"]}],"nutritions":[{"key":"","value":"Unzubereitet"},{"key":" ","value":"100 g"},{"key":"Energie","value":"1293 kJ | 311 kcal"},{"key":"Fett","value":"23 g"},{"key":"Fett, davon gesättigte Fettsäuren","value":"15 g"},{"key":"Kohlenhydrate","value":"0 g"},{"key":"Kohlenhydrate, davon Zucker","value":"0 g"},{"key":"Ballaststoffe","value":"0 g"},{"key":"Eiweiß","value":"26 g"},{"key":"Salz","value":"0,5 g"}],"tags":["Gekühlt","Glutenfrei"]},
    {"url":"https://www.interspar.at/shop/lebensmittel/p/4254461","data":[{"key":"price","value":"0,74 €"},{"key":"oldPrice","value":"\n\t\t\t\t\t\n\t\t\t\t\t \n\t\t\t\t"},{"key":"pricePerUnit","value":"(14.90 €/kg)"},{"key":"productDetailsName","value":"Schärdinger - Bergbaron geräuchert - 1 KG"},{"key":"detailsDescription","value":"1 KG"},{"key":"articleNumber","value":"Artikelnummer: 4254461"},{"key":"Lagerhinweis:","value":["Vor und nach dem Öffnen gekühlt (3-6°C) lagern. Nach dem Öffnen innerhalb weniger Tage zu verbrauchen."]},{"key":"Zutaten:","value":["Zutaten: MILCH, Salz, Farbstoff: Beta-Carotin, Rauch, mikrobielles Lab, Käsereikulturen, Festigungsmittel: Calciumchlorid. In Großbuchstaben angegebene Zutaten enthalten allergene Inhaltsstoffe."]},{"key":"Allergene:","value":["Enthält:Milch und daraus gewonnene Erzeugnisse (inkl. Laktose)"]},{"key":"","value":["Laktosefrei"]},{"key":"Identitätskennzeichen:","value":["AT 40153 EG"]},{"key":"Kontakt:","value":["Berglandmilch eGen","Schubertstraße 30, 4600 Wels, Österreich"]}],"nutritions":[{"key":"","value":"Unzubereitet"},{"key":" ","value":"100 g"},{"key":"Energie","value":"1438 kJ | 346 kcal"},{"key":"Fett","value":"26 g"},{"key":"Fett, davon gesättigte Fettsäuren","value":"17 g"},{"key":"Kohlenhydrate","value":"0 g"},{"key":"Kohlenhydrate, davon Zucker","value":"0 g"},{"key":"Eiweiß","value":"28 g"},{"key":"Salz","value":"1,3 g"}],"tags":["Gekühlt","Lactosefrei"]},
    {"url":"https://www.interspar.at/shop/lebensmittel/p/4255352","data":[{"key":"price","value":"2,69 €"},{"key":"oldPrice","value":"\n\t\t\t\t\t\n\t\t\t\t\t \n\t\t\t\t"},{"key":"pricePerUnit","value":"(10.76 €/kg)"},{"key":"productDetailsName","value":"Schärdinger - Bergbaron geräuchert - 250 G"},{"key":"detailsDescription","value":"250 G"},{"key":"articleNumber","value":"Artikelnummer: 4255352"},{"key":"Lagerhinweis:","value":["Vor und nach dem Öffnen gekühlt (3-6°C) lagern. Nach dem Öffnen innerhalb weniger Tage verbrauchen."]},{"key":"Zutaten:","value":["Zutaten: MILCH, Salz, Farbstoff: Beta-Carotin, mikrobielles Lab, Käsereikulturen, Rauch. In Großbuchstaben angegebene Zutaten enthalten allergene Inhaltsstoffe."]},{"key":"Allergene:","value":["Enthält:Milch und daraus gewonnene Erzeugnisse (inkl. Laktose)"]},{"key":"","value":["Laktosefrei"]},{"key":"Identitätskennzeichen:","value":["AT 40153 EG"]},{"key":"Kontakt:","value":["Berglandmilch eGen","Schubertstraße 30, 4600 Wels, Österreich"]}],"nutritions":[{"key":"","value":"Unzubereitet"},{"key":" ","value":"100 g"},{"key":"Energie","value":"1438 kJ | 346 kcal"},{"key":"Fett","value":"26 g"},{"key":"Fett, davon gesättigte Fettsäuren","value":"17 g"},{"key":"Kohlenhydrate","value":"0 g"},{"key":"Kohlenhydrate, davon Zucker","value":"0 g"},{"key":"Eiweiß","value":"28 g"},{"key":"Salz","value":"1,3 g"}],"tags":["Gekühlt","Lactosefrei"]},
    {"url":"https://www.interspar.at/shop/lebensmittel/p/4323570","data":[{"key":"price","value":"0,70 €"},{"key":"oldPrice","value":"\n\t\t\t\t\t\n\t\t\t\t\t \n\t\t\t\t"},{"key":"pricePerUnit","value":"(13.90 €/kg)"},{"key":"productDetailsName","value":"Kärntnermilch - Mager - 1 KG"},{"key":"detailsDescription","value":"1 KG"},{"key":"articleNumber","value":"Artikelnummer: 4323570"},{"key":"Lagerhinweis:","value":["Gekühlt lagern."]},{"key":"Zutaten:","value":["Zutaten: MAGERTOPFEN, BUTTER, Wasser, Speisesalz, Gewürze (Kümmel, Pfeffer), Schmelzsalze: E339, E452. In Großbuchstaben angegebene Zutaten enthalten allergene Inhaltsstoffe."]},{"key":"Allergene:","value":["Enthält:Milch und daraus gewonnene Erzeugnisse (inkl. Laktose)"]},{"key":"Identitätskennzeichen:","value":["AT 60125 EG"]},{"key":"Kontakt:","value":["Kärntnermilch reg. Gen.m.b.H.","Villacher Straße 92, 9800 Spittal/Drau, Österreich"]}],"nutritions":[{"key":"","value":"Unzubereitet"},{"key":" ","value":"100 g"},{"key":"Energie","value":"647 kJ | 153 kcal"},{"key":"Fett","value":"1,8 g"},{"key":"Fett, davon gesättigte Fettsäuren","value":"1,1 g"},{"key":"Kohlenhydrate","value":"0,5 g"},{"key":"Kohlenhydrate, davon Zucker","value":"0,5 g"},{"key":"Eiweiß","value":"33 g"},{"key":"Salz","value":"1,8 g"}],"tags":["Gekühlt"]},
    {"url":"https://www.interspar.at/shop/lebensmittel/p/4377450","data":[{"key":"price","value":"0,74 €"},{"key":"oldPrice","value":"\n\t\t\t\t\t\n\t\t\t\t\t \n\t\t\t\t"},{"key":"pricePerUnit","value":"(14.90 €/kg)"},{"key":"productDetailsName","value":"Schärdinger Meine Linie - Baronesse - 1 KG"},{"key":"detailsDescription","value":"1 KG"},{"key":"articleNumber","value":"Artikelnummer: 4377450"},{"key":"Lagerhinweis:","value":["Vor und nach dem Öffnen gekühlt (3-6°C) lagern. Nach dem Öffnen innerhalb weniger Tage verbrauchen."]},{"key":"Zutaten:","value":["Zutaten: MILCH, Salz, Farbstoff Beta-Carotin, mikrobielles Lab, Käsereikulturen. In Großbuchstaben angegebene Zutaten enthalten allergene Inhalsstoffe."]},{"key":"Allergene:","value":["Enthält:Milch und daraus gewonnene Erzeugnisse (inkl. Laktose)"]},{"key":"","value":["Laktosefrei"]},{"key":"Identitätskennzeichen:","value":["AT 40151 EG"]},{"key":"Ursprungsland/Herkunftsort:","value":["Österreich"]},{"key":"Kontakt:","value":["Berglandmilch eGen","Schubertstraße 30, 4600 Wels, Österreich"]}],"nutritions":[{"key":"","value":"Unzubereitet"},{"key":" ","value":"100 g"},{"key":"Energie","value":"1042 kJ | 249 kcal"},{"key":"Fett","value":"13 g"},{"key":"Fett, davon gesättigte Fettsäuren","value":"9 g"},{"key":"Kohlenhydrate","value":"0 g"},{"key":"Kohlenhydrate, davon Zucker","value":"0 g"},{"key":"Eiweiß","value":"33 g"},{"key":"Salz","value":"1,3 g"}],"tags":["Gekühlt","Glutenfrei","Lactosefrei"]},
    {"url":"https://www.interspar.at/shop/lebensmittel/p/4402435","data":[{"key":"price","value":"1,12 €"},{"key":"oldPrice","value":"\n\t\t\t\t\t\n\t\t\t\t\tstatt 2,19 €\n\t\t\t\t"},{"key":"pricePerUnit","value":"(7.47 €/kg)"},{"key":"productDetailsName","value":"Schärdinger Meine Linie - Baronesse in Scheiben - 150 G"},{"key":"detailsDescription","value":"150 G"},{"key":"articleNumber","value":"Artikelnummer: 4402435"},{"key":"Lagerhinweis:","value":["Vor und nach dem Öffnen gekühlt (3-6 °C) lagern. Nach dem Öffnen innerhalb weniger Tage verbrauchen."]},{"key":"Zutaten:","value":["Zutaten: MILCH, Salz, Farbstoff Beta-Carotin, mikrobielles Lab, Käsereikulturen. In Großbuchstaben angegebene Zutaten enthalten allergene Inhaltsstoffe."]},{"key":"Allergene:","value":["Enthält:Milch und daraus gewonnene Erzeugnisse (inkl. Laktose)"]},{"key":"","value":["Laktosefrei"]},{"key":"Identitätskennzeichen:","value":["AT 40153 EG"]},{"key":"Kontakt:","value":["Berglandmilch eGen","Schubertstraße 30, 4600 Wels, Österreich"]}],"nutritions":[{"key":"","value":"Unzubereitet"},{"key":" ","value":"100 g"},{"key":"Energie","value":"1042 kJ | 249 kcal"},{"key":"Fett","value":"13 g"},{"key":"Fett, davon gesättigte Fettsäuren","value":"9 g"},{"key":"Kohlenhydrate","value":"0 g"},{"key":"Kohlenhydrate, davon Zucker","value":"0 g"},{"key":"Ballaststoffe","value":"0 g"},{"key":"Eiweiß","value":"33 g"},{"key":"Salz","value":"1,3 g"},{"key":"Kalzium","value":"900 mg | 113 %"},{"key":"Laktose","value":"0 g"}],"tags":["Gekühlt","Glutenfrei","Lactosefrei"]},
    {"url":"https://www.interspar.at/shop/lebensmittel/p/479370","data":[{"key":"price","value":"0,74 €"},{"key":"oldPrice","value":"\n\t\t\t\t\t\n\t\t\t\t\t \n\t\t\t\t"},{"key":"pricePerUnit","value":"(14.90 €/kg)"},{"key":"productDetailsName","value":"Schärdinger - Grieskirchner - 1 KG"},{"key":"detailsDescription","value":"1 KG"},{"key":"articleNumber","value":"Artikelnummer: 479370"},{"key":"Lagerhinweis:","value":["Vor und nach dem Öffnen bei 3-8 °C lagern. Nach dem Öffnen innerhalb weniger Tage verbrauchen."]},{"key":"Zutaten:","value":["Zutaten: MILCH, Speisesalz, Farbstoff: Beta-Carotin, mikrobielles Lab, Käsereikulturen. In Großbuchstaben angegebene Zutaten enthalten allergene Inhaltsstoffe."]},{"key":"Allergene:","value":["Enthält:Milch und daraus gewonnene Erzeugnisse (inkl. Laktose)"]},{"key":"","value":["Laktosefrei"]},{"key":"Identitätskennzeichen:","value":["AT 40125 EG"]},{"key":"Kontakt:","value":["Berglandmilch eGen","Schubertstraße 30, 4600 Wels, Österreich"]}],"nutritions":[{"key":"","value":"Unzubereitet"},{"key":" ","value":"100 g"},{"key":"Energie","value":"1251 kJ | 301 kcal"},{"key":"Fett","value":"23 g"},{"key":"Fett, davon gesättigte Fettsäuren","value":"15 g"},{"key":"Kohlenhydrate","value":"0 g"},{"key":"Kohlenhydrate, davon Zucker","value":"0 g"},{"key":"Eiweiß","value":"24 g"},{"key":"Salz","value":"1,3 g"}],"tags":["Gekühlt","Glutenfrei","Lactosefrei"]},
    {"url":"https://www.interspar.at/shop/lebensmittel/p/4878308","data":[{"key":"price","value":"2,69 €"},{"key":"oldPrice","value":"\n\t\t\t\t\t\n\t\t\t\t\t \n\t\t\t\t"},{"key":"pricePerUnit","value":"(10.76 €/kg)"},{"key":"productDetailsName","value":"Schärdinger - Bergbaron - 250 G"},{"key":"detailsDescription","value":"250 G"},{"key":"articleNumber","value":"Artikelnummer: 4878308"},{"key":"Lagerhinweis:","value":["Vor und nach dem Öffnen gekühlt (3-6°C) lagern. Nach dem Öffnen innerhalb weniger Tage verbrauchen."]},{"key":"Zutaten:","value":["Zutaten: MILCH, Salz, Farbstoff: Beta-Carotin, mikrobielles Lab, Käsereikulturen. In Großbuchstaben angegebene Zutaten enthalten allergene Inhaltsstoffe."]},{"key":"Allergene:","value":["Enthält:Milch und daraus gewonnene Erzeugnisse (inkl. Laktose)"]},{"key":"","value":["Laktosefrei"]},{"key":"Identitätskennzeichen:","value":["AT 40153 EG"]},{"key":"Kontakt:","value":["Berglandmilch","Schubertstraße 30, A-4600 Wels"]}],"nutritions":[{"key":"","value":"Unzubereitet"},{"key":" ","value":"100 g"},{"key":"Energie","value":"1438 kJ | 346 kcal"},{"key":"Fett","value":"26 g"},{"key":"Fett, davon gesättigte Fettsäuren","value":"17 g"},{"key":"Kohlenhydrate","value":"0 g"},{"key":"Kohlenhydrate, davon Zucker","value":"0 g"},{"key":"Eiweiß","value":"28 g"},{"key":"Salz","value":"1,3 g"}],"tags":["Glutenfrei","Lactosefrei"]},
    {"url":"https://www.interspar.at/shop/lebensmittel/p/5017690","data":[{"key":"price","value":"0,64 €"},{"key":"oldPrice","value":"\n\t\t\t\t\t\n\t\t\t\t\t \n\t\t\t\t"},{"key":"pricePerUnit","value":"(12.90 €/kg)"},{"key":"productDetailsName","value":"Tirol Milch - Graukäse mager - 1 KG"},{"key":"detailsDescription","value":"1 KG"},{"key":"articleNumber","value":"Artikelnummer: 5017690"},{"key":"Lagerhinweis:","value":["Vor und nach dem Öffnen bei 3-8°C lagern. Nach dem Öffnen innerhalb weniger Tage verbrauchen."]},{"key":"Zutaten:","value":["Zutaten: pasteurisierte MILCH, Salz, Pfeffer, Käsereikulturen. In Großbuchstaben angegebene Zutaten enthalten allergene Inhaltsstoffe."]},{"key":"Allergene:","value":["Enthält:Milch und daraus gewonnene Erzeugnisse (inkl. Laktose)"]},{"key":"Identitätskennzeichen:","value":["AT 70138 EG"]},{"key":"Ursprungsland/Herkunftsort:","value":["Österreich"]},{"key":"Kontakt:","value":["Tirol Milch","Lattellaplatz 1, 6300 Wörgl, Österreich"]}],"nutritions":[{"key":"","value":"Unzubereitet"},{"key":" ","value":"100 g"},{"key":"Energie","value":"547 kJ | 129 kcal"},{"key":"Fett","value":"1 g"},{"key":"Fett, davon gesättigte Fettsäuren","value":"0,6 g"},{"key":"Kohlenhydrate","value":"0 g"},{"key":"Kohlenhydrate, davon Zucker","value":"0 g"},{"key":"Ballaststoffe","value":"0 g"},{"key":"Eiweiß","value":"30 g"},{"key":"Salz","value":"2 g"}],"tags":["Gekühlt"]},
    {"url":"https://www.interspar.at/shop/lebensmittel/p/5041558","data":[{"key":"price","value":"2,69 €"},{"key":"oldPrice","value":"\n\t\t\t\t\t\n\t\t\t\t\t \n\t\t\t\t"},{"key":"pricePerUnit","value":"(5.38 €/kg)"},{"key":"productDetailsName","value":"Schärdinger Schlanke Linie - Mascarino leicht - 500 G"},{"key":"detailsDescription","value":"500 G"},{"key":"articleNumber","value":"Artikelnummer: 5041558"},{"key":"Lagerhinweis:","value":["Vor und nach dem Öffnen gekühlt (3-6 °C) lagern. Nach dem Öffnen innerhalb weniger Tage verbrauchen."]},{"key":"Zutaten:","value":["Zutaten: MAGERMILCH, RAHM, MAGERMILCHPULVER, MOLKENEIWEISS, Säuerungsmittel: Citronensäure, Gelatine, modifizierte Stärke, Verdickungsmittel: Johannisbrotkernmehl, Xanthan. In Großbuchstaben angegebene Zutaten enthalten allergene Inhaltsstoffe."]},{"key":"Allergene:","value":["Enthält:Milch und daraus gewonnene Erzeugnisse (inkl. Laktose)"]},{"key":"Identitätskennzeichen:","value":["AT 30751 EG"]},{"key":"Kontakt:","value":["Berglandmilch eGen","Schubertstraße 30, 4600 Wels, Österreich"]}],"nutritions":[{"key":"","value":"Unzubereitet"},{"key":" ","value":"100 g"},{"key":"Energie","value":"1035 kJ | 250 kcal"},{"key":"Fett","value":"22 g"},{"key":"Fett, davon gesättigte Fettsäuren","value":"14,5 g"},{"key":"Kohlenhydrate","value":"7 g"},{"key":"Kohlenhydrate, davon Zucker","value":"5 g"},{"key":"Ballaststoffe","value":"0 g"},{"key":"Eiweiß","value":"6 g"},{"key":"Salz","value":"0,15 g"}],"tags":["Glutenfrei"]},
    {"url":"https://www.interspar.at/shop/lebensmittel/p/5187492","data":[{"key":"price","value":"1,12 €"},{"key":"oldPrice","value":"\n\t\t\t\t\t\n\t\t\t\t\tstatt 2,19 €\n\t\t\t\t"},{"key":"pricePerUnit","value":"(7.47 €/kg)"},{"key":"productDetailsName","value":"Schärdinger - Jerome in Scheiben - 150 G"},{"key":"detailsDescription","value":"150 G"},{"key":"articleNumber","value":"Artikelnummer: 5187492"},{"key":"Lagerhinweis:","value":["Vor und nach dem Öffnen gekühlt (3-6°C) lagern. Nach dem Öffnen innerhalb weniger Tage verbrauchen."]},{"key":"Zutaten:","value":["Zutaten: MILCH, Salz, Farbstoffe: Beta-Carotin, Annatto, Käsereikulturen, mikrobielles Lab. In Großbuchstaben angegebene Zutaten enthalten allergene Inhaltsstoffe."]},{"key":"Allergene:","value":["Enthält:Milch und daraus gewonnene Erzeugnisse (inkl. Laktose)"]},{"key":"","value":["Laktosefrei"]},{"key":"Identitätskennzeichen:","value":["AT 40153 EG"]},{"key":"Kontakt:","value":["Berglandmilch eGen","Schubertstraße 30, 4600 Wels, Österreich"]}],"nutritions":[{"key":"","value":"Unzubereitet"},{"key":" ","value":"100 g"},{"key":"Energie","value":"1350 kJ | 325 kcal"},{"key":"Fett","value":"25 g"},{"key":"Fett, davon gesättigte Fettsäuren","value":"16 g"},{"key":"Kohlenhydrate","value":"0 g"},{"key":"Kohlenhydrate, davon Zucker","value":"0 g"},{"key":"Eiweiß","value":"25 g"},{"key":"Salz","value":"0,8 g"}],"tags":["Gekühlt","Glutenfrei","Lactosefrei"]},
    {"url":"https://www.interspar.at/shop/lebensmittel/p/5262694","data":[{"key":"price","value":"6,29 €"},{"key":"oldPrice","value":"\n\t\t\t\t\t\n\t\t\t\t\t \n\t\t\t\t"},{"key":"pricePerUnit","value":"(8.99 €/kg)"},{"key":"productDetailsName","value":"Kärntnermilch - Drautaler - 700 G"},{"key":"detailsDescription","value":"700 G"},{"key":"articleNumber","value":"Artikelnummer: 5262694"},{"key":"Lagerhinweis:","value":["Gekühlt lagern. Nach dem Öffnen gekühlt lagern und innerhalb von einigen Tagen verbrauchen."]},{"key":"Allergene:","value":["Enthält:Milch und daraus gewonnene Erzeugnisse (inkl. Laktose)"]},{"key":"Identitätskennzeichen:","value":["DE-BY-13136-ED"]},{"key":"Ursprungsland/Herkunftsort:","value":["Österreich"]},{"key":"Kontakt:","value":["Kärntnermilch reg. Gen.m.b.H.","Villacher Straße 92, 9800 Spittal/Drau, Österreich"]}],"nutritions":[{"key":"","value":"Unzubereitet"},{"key":" ","value":"100 g"},{"key":"Energie","value":"1492 kJ | 359 kcal"},{"key":"Fett","value":"27 g"},{"key":"Fett, davon gesättigte Fettsäuren","value":"19 g"},{"key":"Kohlenhydrate","value":"0 g"},{"key":"Kohlenhydrate, davon Zucker","value":"0 g"},{"key":"Eiweiß","value":"29 g"},{"key":"Salz","value":"1,2 g"}],"tags":["Lactosefrei"]},
    {"url":"https://www.interspar.at/shop/lebensmittel/p/5324934","data":[{"key":"price","value":"0,95 €"},{"key":"oldPrice","value":"\n\t\t\t\t\t\n\t\t\t\t\t \n\t\t\t\t"},{"key":"pricePerUnit","value":"(18.90 €/kg)"},{"key":"productDetailsName","value":"Castello - Frischkäse Schnittlauch - 1 KG"},{"key":"detailsDescription","value":"1 KG"},{"key":"articleNumber","value":"Artikelnummer: 5324934"},{"key":"Lagerhinweis:","value":["Lagern bei + 2°C bis + 8°C."]},{"key":"Zutaten:","value":["Zutaten: pasteurisierte MILCH und SAHNE, MILCHEIWEISS, Schnittlauch 0,4%, Frühlingszwiebeln 0,2%, Speisesalz, Speisegelatine, Stabilisator: Johannisbrotkernmehl, Weißer Pfeffer, Konservierungsstoff: Sorbinsäure, Milchsäurekultur. In Großbuchstaben angegebene Zutaten enthalten allergene Inhaltsstoffe."]},{"key":"Allergene:","value":["Enthält:Milch und daraus gewonnene Erzeugnisse (inkl. Laktose)"]},{"key":"Identitätskennzeichen:","value":["DK-M 201 EC"]},{"key":"Kontakt:","value":["Arla Foods GmbH","Wahlerstraße 2, 40472 Düsseldorf, Deutschland"]}],"nutritions":[{"key":" ","value":"100 g"},{"key":"","value":"Unzubereitet"},{"key":"Energie","value":"1239 kJ | 300 kcal"},{"key":"Fett","value":"28 g"},{"key":"Fett, davon gesättigte Fettsäuren","value":"18 g"},{"key":"Kohlenhydrate","value":"2,4 g"},{"key":"Kohlenhydrate, davon Zucker","value":"2,3 g"},{"key":"Eiweiß","value":"8,6 g"},{"key":"Salz","value":"0,7 g"}],"tags":["Gekühlt","Glutenfrei"]},
    {"url":"https://www.interspar.at/shop/lebensmittel/p/5417872","data":[{"key":"price","value":"0,80 €"},{"key":"oldPrice","value":"\n\t\t\t\t\t\n\t\t\t\t\t \n\t\t\t\t"},{"key":"pricePerUnit","value":"(15.90 €/kg)"},{"key":"productDetailsName","value":"Tirol Milch - Feiner Tiroler - 1 KG"},{"key":"detailsDescription","value":"1 KG"},{"key":"articleNumber","value":"Artikelnummer: 5417872"},{"key":"Lagerhinweis:","value":["Gekühlt lagern."]},{"key":"Zutaten:","value":["Zutaten: pasteurisierte MILCH, Salz, tierisches Lab, Festigungsmittel: Calciumchlorid, Käsereikulturen. In Großbuchstaben angegebene Zutaten enthalten allergene Inhaltsstoffe."]},{"key":"Allergene:","value":["Enthält:Milch und daraus gewonnene Erzeugnisse (inkl. Laktose)"]},{"key":"","value":["Laktosefrei"]},{"key":"Ursprungsland/Herkunftsort:","value":["Österreich"]},{"key":"Kontakt:","value":["Berglandmilch eGen","Schubertstraße 30, 4600 Wels, Österreich"]}],"nutritions":[{"key":"","value":"Unzubereitet"},{"key":" ","value":"100 g"},{"key":"Energie","value":"1578 kJ | 381 kcal"},{"key":"Fett","value":"33 g"},{"key":"Fett, davon gesättigte Fettsäuren","value":"21 BE"},{"key":"Kohlenhydrate","value":"0 g"},{"key":"Kohlenhydrate, davon Zucker","value":"0 g"},{"key":"Ballaststoffe","value":"0 g"},{"key":"Eiweiß","value":"21 g"},{"key":"Salz","value":"1,5 g"},{"key":"Broteinheiten","value":"0 BE"}],"tags":["Gekühlt","Glutenfrei","Lactosefrei"]},
    {"url":"https://www.interspar.at/shop/lebensmittel/p/5509942","data":[{"key":"price","value":"0,95 €"},{"key":"oldPrice","value":"\n\t\t\t\t\t\n\t\t\t\t\t \n\t\t\t\t"},{"key":"pricePerUnit","value":"(18.90 €/kg)"},{"key":"productDetailsName","value":"Castello - Frischkäse Ananas/Mandel - 1 KG"},{"key":"detailsDescription","value":"1 KG"},{"key":"articleNumber","value":"Artikelnummer: 5509942"},{"key":"Lagerhinweis:","value":["Lagern bei +2°C bis +8°C."]},{"key":"Zutaten:","value":["Zutaten: pasteurisierte MILCH und SAHNE, Mandel-Papaya-Mix (50% MANDELN, 50% kandierte Papaya (Papaya, Rohrzucker, Reismehl, Säureregulator: Citronensäure), 8% Ananas, 5% Ananaskonzentrat, Zucker, MILCHEIWEISS, Speisegelatine, Speisesalz, Stabilisator: Johannisbrotkernmehl; Zitrusfasern, Konservierungsstoff: Sorbinsäure; Milchsäurekultur. In Großbuchstaben angegebene Zutaten enthalten allergene Inhaltsstoffe."]},{"key":"Allergene:","value":["Enthält:Milch und daraus gewonnene Erzeugnisse (inkl. Laktose), Schalenfrüchte und daraus gewonnene Erzeugnisse"]},{"key":"Identitätskennzeichen:","value":["DK-M 201 EC"]},{"key":"Kontakt:","value":["Arla Foods GmbH","DK-8260  Viby J"]}],"nutritions":[{"key":" ","value":"100 g"},{"key":"","value":"Unzubereitet"},{"key":"Energie","value":"1269 kJ | 306 kcal"},{"key":"Fett","value":"24 g"},{"key":"Fett, davon gesättigte Fettsäuren","value":"14 g"},{"key":"Kohlenhydrate","value":"13 g"},{"key":"Kohlenhydrate, davon Zucker","value":"11 g"},{"key":"Eiweiß","value":"8,3 g"},{"key":"Salz","value":"0,6 g"}],"tags":["Gekühlt","Glutenfrei"]},
    {"url":"https://www.interspar.at/shop/lebensmittel/p/5575503","data":[{"key":"price","value":"1,12 €"},{"key":"oldPrice","value":"\n\t\t\t\t\t\n\t\t\t\t\tstatt 2,19 €\n\t\t\t\t"},{"key":"pricePerUnit","value":"(7.47 €/kg)"},{"key":"productDetailsName","value":"Schärdinger - Rauchkäse in Scheiben - 150 G"},{"key":"detailsDescription","value":"150 G"},{"key":"articleNumber","value":"Artikelnummer: 5575503"},{"key":"Lagerhinweis:","value":["Vor und nach dem Öffnen gekühlt (3-6°C) lagern. Nach dem Öffnen innerhalb weniger Tage verbrauchen."]},{"key":"Zutaten:","value":["Zutaten: MILCH, Salz, Farbstoff Beta-Carotin, Rauch, mikrobielles Lab, Käsereikulturen. In Großbuchstaben angegebene Zutaten enthalten allergene Inhaltsstoffe."]},{"key":"Allergene:","value":["Enthält:Milch und daraus gewonnene Erzeugnisse (inkl. Laktose)"]},{"key":"","value":["Laktosefrei"]},{"key":"Identitätskennzeichen:","value":["AT 40153 EG"]},{"key":"Kontakt:","value":["Berglandmilch eGen","Schubertstraße 30, 4600 Wels, Österreich"]}],"nutritions":[{"key":"","value":"Unzubereitet"},{"key":" ","value":"100 g"},{"key":"Energie","value":"1367 kJ | 329 kcal"},{"key":"Fett","value":"25 g"},{"key":"Fett, davon gesättigte Fettsäuren","value":"16 g"},{"key":"Kohlenhydrate","value":"0 g"},{"key":"Kohlenhydrate, davon Zucker","value":"0 g"},{"key":"Eiweiß","value":"26 g"},{"key":"Salz","value":"1,5 g"}],"tags":["Gekühlt","Glutenfrei","Lactosefrei"]},
    {"url":"https://www.interspar.at/shop/lebensmittel/p/5853199","data":[{"key":"price","value":"2,89 €"},{"key":"oldPrice","value":"\n\t\t\t\t\t\n\t\t\t\t\t \n\t\t\t\t"},{"key":"pricePerUnit","value":"(19.27 €/kg)"},{"key":"productDetailsName","value":"Chavroux - Feine Kräuter - 150 G"},{"key":"detailsDescription","value":"150 G"},{"key":"articleNumber","value":"Artikelnummer: 5853199"},{"key":"Zutaten:","value":["Zutaten: FRISCHKÄSE, Speisesalz, Kräuter. In Großbuchstaben angegebene Zutaten enthalten allergene Inhaltsstoffe."]},{"key":"Allergene:","value":["Kann Spuren von Kuhmilch enthalten.","Enthält:Milch und daraus gewonnene Erzeugnisse (inkl. Laktose)"]},{"key":"Identitätskennzeichen:","value":["FR 16 277 001 CE"]},{"key":"Kontakt:","value":["Chavroux","PF 45, 1104 Wien, Österreich"]}],"nutritions":[],"tags":["Gekühlt","Glutenfrei"]},
    {"url":"https://www.interspar.at/shop/lebensmittel/p/5903030","data":[{"key":"price","value":"1,49 €"},{"key":"oldPrice","value":"\n\t\t\t\t\t\n\t\t\t\t\t \n\t\t\t\t"},{"key":"pricePerUnit","value":"(14.90 €/kg)"},{"key":"productDetailsName","value":"SalzburgMilch - Almkönig - 1 KG"},{"key":"detailsDescription","value":"1 KG"},{"key":"articleNumber","value":"Artikelnummer: 5903030"},{"key":"Lagerhinweis:","value":["Gekühlt bei 4 - 8°C lagern. Nach dem Öffnen gekühlt lagern und innerhalb von 4 Tagen verbrauchen."]},{"key":"Allergene:","value":["Enthält:Milch und daraus gewonnene Erzeugnisse (inkl. Laktose)"]},{"key":"Identitätskennzeichen:","value":["AT 50190 EG"]},{"key":"Verbrauchen nach dem Öffnen:","value":["4 Tage"]},{"key":"Kontakt:","value":["SalzburgMilch GmbH","Milchstraße 1, 5020 Salzburg, Österreich","0662/2455-105","0662/2455"]}],"nutritions":[{"key":"","value":"Unzubereitet"},{"key":" ","value":"100 g"},{"key":"Energie","value":"1383 kJ | 333 kcal"},{"key":"Fett","value":"26 g"},{"key":"Fett, davon gesättigte Fettsäuren","value":"16 g"},{"key":"Kohlenhydrate","value":"0 g"},{"key":"Kohlenhydrate, davon Zucker","value":"0 g"},{"key":"Ballaststoffe","value":"0 g"},{"key":"Eiweiß","value":"24 g"},{"key":"Salz","value":"1 g"}],"tags":["Gekühlt","Glutenfrei","Lactosefrei"]},
    {"url":"https://www.interspar.at/shop/lebensmittel/p/5910724","data":[{"key":"price","value":"0,70 €"},{"key":"oldPrice","value":"\n\t\t\t\t\t\n\t\t\t\t\t \n\t\t\t\t"},{"key":"pricePerUnit","value":"(13.90 €/kg)"},{"key":"productDetailsName","value":"SalzburgMilch - Holländer - 1 KG"},{"key":"detailsDescription","value":"1 KG"},{"key":"articleNumber","value":"Artikelnummer: 5910724"},{"key":"Lagerhinweis:","value":["Gekühlt (4 - 8°C) lagern."]},{"key":"Allergene:","value":["Enthält:Milch und daraus gewonnene Erzeugnisse (inkl. Laktose)"]},{"key":"Identitätskennzeichen:","value":["AT 50190 EG"]},{"key":"Verbrauchen nach dem Öffnen:","value":["4 Tage"]},{"key":"Verwendungshinweis:","value":["Nach dem Öffnen gekühlt lagern und innerhalb von 4 Tagen verbrauchen."]},{"key":"Kontakt:","value":["SalzburgMilch GmbH","Milchstraße 1, 5020 Salzburg, Österreich"]}],"nutritions":[{"key":" ","value":"100 g"},{"key":"","value":"Unzubereitet"},{"key":"Energie","value":"1158 kJ | 278 kcal"},{"key":"Fett","value":"19 g"},{"key":"Fett, davon gesättigte Fettsäuren","value":"12 g"},{"key":"Kohlenhydrate","value":"0 g"},{"key":"Kohlenhydrate, davon Zucker","value":"0 g"},{"key":"Ballaststoffe","value":"0 g"},{"key":"Eiweiß","value":"26 g"},{"key":"Salz","value":"1,1 g"}],"tags":["Gekühlt","Glutenfrei","Lactosefrei"]},
    {"url":"https://www.interspar.at/shop/lebensmittel/p/4878308","data":[{"key":"price","value":"2,69 €"},{"key":"oldPrice","value":"\n\t\t\t\t\t\n\t\t\t\t\t \n\t\t\t\t"},{"key":"pricePerUnit","value":"(10.76 €/kg)"},{"key":"productDetailsName","value":"Schärdinger - Bergbaron - 250 G"},{"key":"detailsDescription","value":"250 G"},{"key":"articleNumber","value":"Artikelnummer: 4878308"},{"key":"Lagerhinweis:","value":["Vor und nach dem Öffnen gekühlt (3-6°C) lagern. Nach dem Öffnen innerhalb weniger Tage verbrauchen."]},{"key":"Zutaten:","value":["Zutaten: MILCH, Salz, Farbstoff: Beta-Carotin, mikrobielles Lab, Käsereikulturen. In Großbuchstaben angegebene Zutaten enthalten allergene Inhaltsstoffe."]},{"key":"Allergene:","value":["Enthält:Milch und daraus gewonnene Erzeugnisse (inkl. Laktose)"]},{"key":"","value":["Laktosefrei"]},{"key":"Identitätskennzeichen:","value":["AT 40153 EG"]},{"key":"Kontakt:","value":["Berglandmilch","Schubertstraße 30, A-4600 Wels"]}],"nutritions":[{"key":"","value":"Unzubereitet"},{"key":" ","value":"100 g"},{"key":"Energie","value":"1438 kJ | 346 kcal"},{"key":"Fett","value":"26 g"},{"key":"Fett, davon gesättigte Fettsäuren","value":"17 g"},{"key":"Kohlenhydrate","value":"0 g"},{"key":"Kohlenhydrate, davon Zucker","value":"0 g"},{"key":"Eiweiß","value":"28 g"},{"key":"Salz","value":"1,3 g"}],"tags":["Glutenfrei","Lactosefrei"]},
    {"url":"https://www.interspar.at/shop/lebensmittel/p/5017690","data":[{"key":"price","value":"0,64 €"},{"key":"oldPrice","value":"\n\t\t\t\t\t\n\t\t\t\t\t \n\t\t\t\t"},{"key":"pricePerUnit","value":"(12.90 €/kg)"},{"key":"productDetailsName","value":"Tirol Milch - Graukäse mager - 1 KG"},{"key":"detailsDescription","value":"1 KG"},{"key":"articleNumber","value":"Artikelnummer: 5017690"},{"key":"Lagerhinweis:","value":["Vor und nach dem Öffnen bei 3-8°C lagern. Nach dem Öffnen innerhalb weniger Tage verbrauchen."]},{"key":"Zutaten:","value":["Zutaten: pasteurisierte MILCH, Salz, Pfeffer, Käsereikulturen. In Großbuchstaben angegebene Zutaten enthalten allergene Inhaltsstoffe."]},{"key":"Allergene:","value":["Enthält:Milch und daraus gewonnene Erzeugnisse (inkl. Laktose)"]},{"key":"Identitätskennzeichen:","value":["AT 70138 EG"]},{"key":"Ursprungsland/Herkunftsort:","value":["Österreich"]},{"key":"Kontakt:","value":["Tirol Milch","Lattellaplatz 1, 6300 Wörgl, Österreich"]}],"nutritions":[{"key":"","value":"Unzubereitet"},{"key":" ","value":"100 g"},{"key":"Energie","value":"547 kJ | 129 kcal"},{"key":"Fett","value":"1 g"},{"key":"Fett, davon gesättigte Fettsäuren","value":"0,6 g"},{"key":"Kohlenhydrate","value":"0 g"},{"key":"Kohlenhydrate, davon Zucker","value":"0 g"},{"key":"Ballaststoffe","value":"0 g"},{"key":"Eiweiß","value":"30 g"},{"key":"Salz","value":"2 g"}],"tags":["Gekühlt"]},
    {"url":"https://www.interspar.at/shop/lebensmittel/p/5041558","data":[{"key":"price","value":"2,69 €"},{"key":"oldPrice","value":"\n\t\t\t\t\t\n\t\t\t\t\t \n\t\t\t\t"},{"key":"pricePerUnit","value":"(5.38 €/kg)"},{"key":"productDetailsName","value":"Schärdinger Schlanke Linie - Mascarino leicht - 500 G"},{"key":"detailsDescription","value":"500 G"},{"key":"articleNumber","value":"Artikelnummer: 5041558"},{"key":"Lagerhinweis:","value":["Vor und nach dem Öffnen gekühlt (3-6 °C) lagern. Nach dem Öffnen innerhalb weniger Tage verbrauchen."]},{"key":"Zutaten:","value":["Zutaten: MAGERMILCH, RAHM, MAGERMILCHPULVER, MOLKENEIWEISS, Säuerungsmittel: Citronensäure, Gelatine, modifizierte Stärke, Verdickungsmittel: Johannisbrotkernmehl, Xanthan. In Großbuchstaben angegebene Zutaten enthalten allergene Inhaltsstoffe."]},{"key":"Allergene:","value":["Enthält:Milch und daraus gewonnene Erzeugnisse (inkl. Laktose)"]},{"key":"Identitätskennzeichen:","value":["AT 30751 EG"]},{"key":"Kontakt:","value":["Berglandmilch eGen","Schubertstraße 30, 4600 Wels, Österreich"]}],"nutritions":[{"key":"","value":"Unzubereitet"},{"key":" ","value":"100 g"},{"key":"Energie","value":"1035 kJ | 250 kcal"},{"key":"Fett","value":"22 g"},{"key":"Fett, davon gesättigte Fettsäuren","value":"14,5 g"},{"key":"Kohlenhydrate","value":"7 g"},{"key":"Kohlenhydrate, davon Zucker","value":"5 g"},{"key":"Ballaststoffe","value":"0 g"},{"key":"Eiweiß","value":"6 g"},{"key":"Salz","value":"0,15 g"}],"tags":["Glutenfrei"]},
    {"url":"https://www.interspar.at/shop/lebensmittel/p/5187492","data":[{"key":"price","value":"1,12 €"},{"key":"oldPrice","value":"\n\t\t\t\t\t\n\t\t\t\t\tstatt 2,19 €\n\t\t\t\t"},{"key":"pricePerUnit","value":"(7.47 €/kg)"},{"key":"productDetailsName","value":"Schärdinger - Jerome in Scheiben - 150 G"},{"key":"detailsDescription","value":"150 G"},{"key":"articleNumber","value":"Artikelnummer: 5187492"},{"key":"Lagerhinweis:","value":["Vor und nach dem Öffnen gekühlt (3-6°C) lagern. Nach dem Öffnen innerhalb weniger Tage verbrauchen."]},{"key":"Zutaten:","value":["Zutaten: MILCH, Salz, Farbstoffe: Beta-Carotin, Annatto, Käsereikulturen, mikrobielles Lab. In Großbuchstaben angegebene Zutaten enthalten allergene Inhaltsstoffe."]},{"key":"Allergene:","value":["Enthält:Milch und daraus gewonnene Erzeugnisse (inkl. Laktose)"]},{"key":"","value":["Laktosefrei"]},{"key":"Identitätskennzeichen:","value":["AT 40153 EG"]},{"key":"Kontakt:","value":["Berglandmilch eGen","Schubertstraße 30, 4600 Wels, Österreich"]}],"nutritions":[{"key":"","value":"Unzubereitet"},{"key":" ","value":"100 g"},{"key":"Energie","value":"1350 kJ | 325 kcal"},{"key":"Fett","value":"25 g"},{"key":"Fett, davon gesättigte Fettsäuren","value":"16 g"},{"key":"Kohlenhydrate","value":"0 g"},{"key":"Kohlenhydrate, davon Zucker","value":"0 g"},{"key":"Eiweiß","value":"25 g"},{"key":"Salz","value":"0,8 g"}],"tags":["Gekühlt","Glutenfrei","Lactosefrei"]},
    {"url":"https://www.interspar.at/shop/lebensmittel/p/5262694","data":[{"key":"price","value":"6,29 €"},{"key":"oldPrice","value":"\n\t\t\t\t\t\n\t\t\t\t\t \n\t\t\t\t"},{"key":"pricePerUnit","value":"(8.99 €/kg)"},{"key":"productDetailsName","value":"Kärntnermilch - Drautaler - 700 G"},{"key":"detailsDescription","value":"700 G"},{"key":"articleNumber","value":"Artikelnummer: 5262694"},{"key":"Lagerhinweis:","value":["Gekühlt lagern. Nach dem Öffnen gekühlt lagern und innerhalb von einigen Tagen verbrauchen."]},{"key":"Allergene:","value":["Enthält:Milch und daraus gewonnene Erzeugnisse (inkl. Laktose)"]},{"key":"Identitätskennzeichen:","value":["DE-BY-13136-ED"]},{"key":"Ursprungsland/Herkunftsort:","value":["Österreich"]},{"key":"Kontakt:","value":["Kärntnermilch reg. Gen.m.b.H.","Villacher Straße 92, 9800 Spittal/Drau, Österreich"]}],"nutritions":[{"key":"","value":"Unzubereitet"},{"key":" ","value":"100 g"},{"key":"Energie","value":"1492 kJ | 359 kcal"},{"key":"Fett","value":"27 g"},{"key":"Fett, davon gesättigte Fettsäuren","value":"19 g"},{"key":"Kohlenhydrate","value":"0 g"},{"key":"Kohlenhydrate, davon Zucker","value":"0 g"},{"key":"Eiweiß","value":"29 g"},{"key":"Salz","value":"1,2 g"}],"tags":["Lactosefrei"]},
    {"url":"https://www.interspar.at/shop/lebensmittel/p/5324934","data":[{"key":"price","value":"0,95 €"},{"key":"oldPrice","value":"\n\t\t\t\t\t\n\t\t\t\t\t \n\t\t\t\t"},{"key":"pricePerUnit","value":"(18.90 €/kg)"},{"key":"productDetailsName","value":"Castello - Frischkäse Schnittlauch - 1 KG"},{"key":"detailsDescription","value":"1 KG"},{"key":"articleNumber","value":"Artikelnummer: 5324934"},{"key":"Lagerhinweis:","value":["Lagern bei + 2°C bis + 8°C."]},{"key":"Zutaten:","value":["Zutaten: pasteurisierte MILCH und SAHNE, MILCHEIWEISS, Schnittlauch 0,4%, Frühlingszwiebeln 0,2%, Speisesalz, Speisegelatine, Stabilisator: Johannisbrotkernmehl, Weißer Pfeffer, Konservierungsstoff: Sorbinsäure, Milchsäurekultur. In Großbuchstaben angegebene Zutaten enthalten allergene Inhaltsstoffe."]},{"key":"Allergene:","value":["Enthält:Milch und daraus gewonnene Erzeugnisse (inkl. Laktose)"]},{"key":"Identitätskennzeichen:","value":["DK-M 201 EC"]},{"key":"Kontakt:","value":["Arla Foods GmbH","Wahlerstraße 2, 40472 Düsseldorf, Deutschland"]}],"nutritions":[{"key":" ","value":"100 g"},{"key":"","value":"Unzubereitet"},{"key":"Energie","value":"1239 kJ | 300 kcal"},{"key":"Fett","value":"28 g"},{"key":"Fett, davon gesättigte Fettsäuren","value":"18 g"},{"key":"Kohlenhydrate","value":"2,4 g"},{"key":"Kohlenhydrate, davon Zucker","value":"2,3 g"},{"key":"Eiweiß","value":"8,6 g"},{"key":"Salz","value":"0,7 g"}],"tags":["Gekühlt","Glutenfrei"]},
    {"url":"https://www.interspar.at/shop/lebensmittel/p/5417872","data":[{"key":"price","value":"0,80 €"},{"key":"oldPrice","value":"\n\t\t\t\t\t\n\t\t\t\t\t \n\t\t\t\t"},{"key":"pricePerUnit","value":"(15.90 €/kg)"},{"key":"productDetailsName","value":"Tirol Milch - Feiner Tiroler - 1 KG"},{"key":"detailsDescription","value":"1 KG"},{"key":"articleNumber","value":"Artikelnummer: 5417872"},{"key":"Lagerhinweis:","value":["Gekühlt lagern."]},{"key":"Zutaten:","value":["Zutaten: pasteurisierte MILCH, Salz, tierisches Lab, Festigungsmittel: Calciumchlorid, Käsereikulturen. In Großbuchstaben angegebene Zutaten enthalten allergene Inhaltsstoffe."]},{"key":"Allergene:","value":["Enthält:Milch und daraus gewonnene Erzeugnisse (inkl. Laktose)"]},{"key":"","value":["Laktosefrei"]},{"key":"Ursprungsland/Herkunftsort:","value":["Österreich"]},{"key":"Kontakt:","value":["Berglandmilch eGen","Schubertstraße 30, 4600 Wels, Österreich"]}],"nutritions":[{"key":"","value":"Unzubereitet"},{"key":" ","value":"100 g"},{"key":"Energie","value":"1578 kJ | 381 kcal"},{"key":"Fett","value":"33 g"},{"key":"Fett, davon gesättigte Fettsäuren","value":"21 BE"},{"key":"Kohlenhydrate","value":"0 g"},{"key":"Kohlenhydrate, davon Zucker","value":"0 g"},{"key":"Ballaststoffe","value":"0 g"},{"key":"Eiweiß","value":"21 g"},{"key":"Salz","value":"1,5 g"},{"key":"Broteinheiten","value":"0 BE"}],"tags":["Gekühlt","Glutenfrei","Lactosefrei"]},
    {"url":"https://www.interspar.at/shop/lebensmittel/p/5509942","data":[{"key":"price","value":"0,95 €"},{"key":"oldPrice","value":"\n\t\t\t\t\t\n\t\t\t\t\t \n\t\t\t\t"},{"key":"pricePerUnit","value":"(18.90 €/kg)"},{"key":"productDetailsName","value":"Castello - Frischkäse Ananas/Mandel - 1 KG"},{"key":"detailsDescription","value":"1 KG"},{"key":"articleNumber","value":"Artikelnummer: 5509942"},{"key":"Lagerhinweis:","value":["Lagern bei +2°C bis +8°C."]},{"key":"Zutaten:","value":["Zutaten: pasteurisierte MILCH und SAHNE, Mandel-Papaya-Mix (50% MANDELN, 50% kandierte Papaya (Papaya, Rohrzucker, Reismehl, Säureregulator: Citronensäure), 8% Ananas, 5% Ananaskonzentrat, Zucker, MILCHEIWEISS, Speisegelatine, Speisesalz, Stabilisator: Johannisbrotkernmehl; Zitrusfasern, Konservierungsstoff: Sorbinsäure; Milchsäurekultur. In Großbuchstaben angegebene Zutaten enthalten allergene Inhaltsstoffe."]},{"key":"Allergene:","value":["Enthält:Milch und daraus gewonnene Erzeugnisse (inkl. Laktose), Schalenfrüchte und daraus gewonnene Erzeugnisse"]},{"key":"Identitätskennzeichen:","value":["DK-M 201 EC"]},{"key":"Kontakt:","value":["Arla Foods GmbH","DK-8260  Viby J"]}],"nutritions":[{"key":" ","value":"100 g"},{"key":"","value":"Unzubereitet"},{"key":"Energie","value":"1269 kJ | 306 kcal"},{"key":"Fett","value":"24 g"},{"key":"Fett, davon gesättigte Fettsäuren","value":"14 g"},{"key":"Kohlenhydrate","value":"13 g"},{"key":"Kohlenhydrate, davon Zucker","value":"11 g"},{"key":"Eiweiß","value":"8,3 g"},{"key":"Salz","value":"0,6 g"}],"tags":["Gekühlt","Glutenfrei"]},
    {"url":"https://www.interspar.at/shop/lebensmittel/p/5575503","data":[{"key":"price","value":"1,12 €"},{"key":"oldPrice","value":"\n\t\t\t\t\t\n\t\t\t\t\tstatt 2,19 €\n\t\t\t\t"},{"key":"pricePerUnit","value":"(7.47 €/kg)"},{"key":"productDetailsName","value":"Schärdinger - Rauchkäse in Scheiben - 150 G"},{"key":"detailsDescription","value":"150 G"},{"key":"articleNumber","value":"Artikelnummer: 5575503"},{"key":"Lagerhinweis:","value":["Vor und nach dem Öffnen gekühlt (3-6°C) lagern. Nach dem Öffnen innerhalb weniger Tage verbrauchen."]},{"key":"Zutaten:","value":["Zutaten: MILCH, Salz, Farbstoff Beta-Carotin, Rauch, mikrobielles Lab, Käsereikulturen. In Großbuchstaben angegebene Zutaten enthalten allergene Inhaltsstoffe."]},{"key":"Allergene:","value":["Enthält:Milch und daraus gewonnene Erzeugnisse (inkl. Laktose)"]},{"key":"","value":["Laktosefrei"]},{"key":"Identitätskennzeichen:","value":["AT 40153 EG"]},{"key":"Kontakt:","value":["Berglandmilch eGen","Schubertstraße 30, 4600 Wels, Österreich"]}],"nutritions":[{"key":"","value":"Unzubereitet"},{"key":" ","value":"100 g"},{"key":"Energie","value":"1367 kJ | 329 kcal"},{"key":"Fett","value":"25 g"},{"key":"Fett, davon gesättigte Fettsäuren","value":"16 g"},{"key":"Kohlenhydrate","value":"0 g"},{"key":"Kohlenhydrate, davon Zucker","value":"0 g"},{"key":"Eiweiß","value":"26 g"},{"key":"Salz","value":"1,5 g"}],"tags":["Gekühlt","Glutenfrei","Lactosefrei"]},
    {"url":"https://www.interspar.at/shop/lebensmittel/p/5853199","data":[{"key":"price","value":"2,89 €"},{"key":"oldPrice","value":"\n\t\t\t\t\t\n\t\t\t\t\t \n\t\t\t\t"},{"key":"pricePerUnit","value":"(19.27 €/kg)"},{"key":"productDetailsName","value":"Chavroux - Feine Kräuter - 150 G"},{"key":"detailsDescription","value":"150 G"},{"key":"articleNumber","value":"Artikelnummer: 5853199"},{"key":"Zutaten:","value":["Zutaten: FRISCHKÄSE, Speisesalz, Kräuter. In Großbuchstaben angegebene Zutaten enthalten allergene Inhaltsstoffe."]},{"key":"Allergene:","value":["Kann Spuren von Kuhmilch enthalten.","Enthält:Milch und daraus gewonnene Erzeugnisse (inkl. Laktose)"]},{"key":"Identitätskennzeichen:","value":["FR 16 277 001 CE"]},{"key":"Kontakt:","value":["Chavroux","PF 45, 1104 Wien, Österreich"]}],"nutritions":[],"tags":["Gekühlt","Glutenfrei"]},
    {"url":"https://www.interspar.at/shop/lebensmittel/p/5903030","data":[{"key":"price","value":"1,49 €"},{"key":"oldPrice","value":"\n\t\t\t\t\t\n\t\t\t\t\t \n\t\t\t\t"},{"key":"pricePerUnit","value":"(14.90 €/kg)"},{"key":"productDetailsName","value":"SalzburgMilch - Almkönig - 1 KG"},{"key":"detailsDescription","value":"1 KG"},{"key":"articleNumber","value":"Artikelnummer: 5903030"},{"key":"Lagerhinweis:","value":["Gekühlt bei 4 - 8°C lagern. Nach dem Öffnen gekühlt lagern und innerhalb von 4 Tagen verbrauchen."]},{"key":"Allergene:","value":["Enthält:Milch und daraus gewonnene Erzeugnisse (inkl. Laktose)"]},{"key":"Identitätskennzeichen:","value":["AT 50190 EG"]},{"key":"Verbrauchen nach dem Öffnen:","value":["4 Tage"]},{"key":"Kontakt:","value":["SalzburgMilch GmbH","Milchstraße 1, 5020 Salzburg, Österreich","0662/2455-105","0662/2455"]}],"nutritions":[{"key":"","value":"Unzubereitet"},{"key":" ","value":"100 g"},{"key":"Energie","value":"1383 kJ | 333 kcal"},{"key":"Fett","value":"26 g"},{"key":"Fett, davon gesättigte Fettsäuren","value":"16 g"},{"key":"Kohlenhydrate","value":"0 g"},{"key":"Kohlenhydrate, davon Zucker","value":"0 g"},{"key":"Ballaststoffe","value":"0 g"},{"key":"Eiweiß","value":"24 g"},{"key":"Salz","value":"1 g"}],"tags":["Gekühlt","Glutenfrei","Lactosefrei"]},
    {"url":"https://www.interspar.at/shop/lebensmittel/p/5910724","data":[{"key":"price","value":"0,70 €"},{"key":"oldPrice","value":"\n\t\t\t\t\t\n\t\t\t\t\t \n\t\t\t\t"},{"key":"pricePerUnit","value":"(13.90 €/kg)"},{"key":"productDetailsName","value":"SalzburgMilch - Holländer - 1 KG"},{"key":"detailsDescription","value":"1 KG"},{"key":"articleNumber","value":"Artikelnummer: 5910724"},{"key":"Lagerhinweis:","value":["Gekühlt (4 - 8°C) lagern."]},{"key":"Allergene:","value":["Enthält:Milch und daraus gewonnene Erzeugnisse (inkl. Laktose)"]},{"key":"Identitätskennzeichen:","value":["AT 50190 EG"]},{"key":"Verbrauchen nach dem Öffnen:","value":["4 Tage"]},{"key":"Verwendungshinweis:","value":["Nach dem Öffnen gekühlt lagern und innerhalb von 4 Tagen verbrauchen."]},{"key":"Kontakt:","value":["SalzburgMilch GmbH","Milchstraße 1, 5020 Salzburg, Österreich"]}],"nutritions":[{"key":" ","value":"100 g"},{"key":"","value":"Unzubereitet"},{"key":"Energie","value":"1158 kJ | 278 kcal"},{"key":"Fett","value":"19 g"},{"key":"Fett, davon gesättigte Fettsäuren","value":"12 g"},{"key":"Kohlenhydrate","value":"0 g"},{"key":"Kohlenhydrate, davon Zucker","value":"0 g"},{"key":"Ballaststoffe","value":"0 g"},{"key":"Eiweiß","value":"26 g"},{"key":"Salz","value":"1,1 g"}],"tags":["Gekühlt","Glutenfrei","Lactosefrei"]},
    {"url":"https://www.interspar.at/shop/lebensmittel/p/5921577","data":[{"key":"price","value":"2,59 €"},{"key":"oldPrice","value":"\n\t\t\t\t\t\n\t\t\t\t\t \n\t\t\t\t"},{"key":"pricePerUnit","value":"(12.95 €/kg)"},{"key":"productDetailsName","value":"Die Käsemacher - Frischkäserolle vom Schaf - 200 G"},{"key":"detailsDescription","value":"200 G"},{"key":"articleNumber","value":"Artikelnummer: 5921577"},{"key":"Lagerhinweis:","value":["Gekühlt (bei +4°C  bis +7°C) lagern. Nach dem Öffnen innerhalb von 3 Tagen aufbrauchen."]},{"key":"Zutaten:","value":["Zutaten: Frischkäse (100% pasteurisierte SCHAFMILCH, Speisesalz, Lab, Milchsäurekulturen), Wasser, Säuerungsmittel: Milchsäure. In Großbuchstaben angegebene Zutaten enthalten allergene Inhaltsstoffe."]},{"key":"Allergene:","value":["Enthält:Milch und daraus gewonnene Erzeugnisse (inkl. Laktose)"]},{"key":"Identitätskennzeichen:","value":["AT 30209 EG"]},{"key":"Abtropfgewicht:","value":["200 g"]},{"key":"Verbrauchen nach dem Öffnen:","value":["3 Tage"]},{"key":"Kontakt:","value":["Die Käsemacher GmbH","Europastraße 5, 3902 Vitis, Österreich"]}],"nutritions":[{"key":"","value":"Unzubereitet"},{"key":" ","value":"100 g"},{"key":"Energie","value":"724 kJ | 173 kcal"},{"key":"Fett","value":"14 g"},{"key":"Fett, davon gesättigte Fettsäuren","value":"10 g"},{"key":"Kohlenhydrate","value":"2,5 g"},{"key":"Kohlenhydrate, davon Zucker","value":"2,5 g"},{"key":"Eiweiß","value":"8,8 g"},{"key":"Salz","value":"0,19 g"}],"tags":["Gekühlt","Glutenfrei"]},
    {"url":"https://www.interspar.at/shop/lebensmittel/p/6066802","data":[{"key":"price","value":"1,49 €"},{"key":"oldPrice","value":"\n\t\t\t\t\t\n\t\t\t\t\t \n\t\t\t\t"},{"key":"pricePerUnit","value":"(14.90 €/kg)"},{"key":"productDetailsName","value":"Kärntnermilch - Drautaler geräuchert - 1 KG"},{"key":"detailsDescription","value":"1 KG"},{"key":"articleNumber","value":"Artikelnummer: 6066802"},{"key":"Lagerhinweis:","value":["Kühl lagern. Nach dem Öffnen gekühlt lagern und innerhalb von einigen Tagen konsumieren."]},{"key":"Zutaten:","value":["Zutaten: MILCH, Salz, Lab, Käsereikulturen, Rauch. In Großbuchstaben angegebene Zutaten enthalten allergene Inhaltsstoffe."]},{"key":"Allergene:","value":["Enthält:Milch und daraus gewonnene Erzeugnisse (inkl. Laktose)"]},{"key":"","value":["Laktosefrei durch den Herstellungsprozess (Laktosegehalt <0,1g/100g)"]},{"key":"","value":["Laktosefrei"]},{"key":"Identitätskennzeichen:","value":["AT 20130 EG"]},{"key":"Kontakt:","value":["Kärntnermilch reg. Gen.m.b.H.","Villacher Straße 92, 9800 Villach, Österreich"]}],"nutritions":[{"key":"","value":"Unzubereitet"},{"key":" ","value":"100 g"},{"key":"Energie","value":"1492 kJ | 359 kcal"},{"key":"Fett","value":"27 g"},{"key":"Fett, davon gesättigte Fettsäuren","value":"19 g"},{"key":"Kohlenhydrate","value":"0 g"},{"key":"Kohlenhydrate, davon Zucker","value":"0 g"},{"key":"Ballaststoffe","value":"0 g"},{"key":"Eiweiß","value":"29 g"},{"key":"Salz","value":"0 g"}],"tags":["Gekühlt","Lactosefrei"]},
    {"url":"https://www.interspar.at/shop/lebensmittel/p/6095826","data":[{"key":"price","value":"1,39 €"},{"key":"oldPrice","value":"\n\t\t\t\t\t\n\t\t\t\t\t \n\t\t\t\t"},{"key":"pricePerUnit","value":"(13.90 €/kg)"},{"key":"productDetailsName","value":"Schärdinger Leicht - Bergtilsette - 1 KG"},{"key":"detailsDescription","value":"1 KG"},{"key":"articleNumber","value":"Artikelnummer: 6095826"},{"key":"Lagerhinweis:","value":["Vor und nach dem Öffnen gekühlt (3-6°C) lagern. Nach dem Öffnen innerhalb weniger Tage verbrauchen."]},{"key":"Zutaten:","value":["Zutaten: MILCH, Speisesalz, mikrobielles Lab, Käsereikulturen, Farbstoffe: Beta-Carotin, Annatto. In Großbuchstaben angegebene Zutaten enthalten allergene Inhaltsstoffe."]},{"key":"Allergene:","value":["Enthält:Milch und daraus gewonnene Erzeugnisse (inkl. Laktose)"]},{"key":"","value":["Laktosefrei"]},{"key":"Identitätskennzeichen:","value":["AT 60149 EG"]},{"key":"Ursprungsland/Herkunftsort:","value":["Österreich"]},{"key":"Kontakt:","value":["Berglandmilch eGen","Schubertstraße 30, 4600 Wels, Österreich"]}],"nutritions":[{"key":"","value":"Unzubereitet"},{"key":" ","value":"100 g"},{"key":"Energie","value":"1025 kJ | 245 kcal"},{"key":"Fett","value":"13 g"},{"key":"Fett, davon gesättigte Fettsäuren","value":"9 g"},{"key":"Kohlenhydrate","value":"0 g"},{"key":"Kohlenhydrate, davon Zucker","value":"0 g"},{"key":"Eiweiß","value":"32 g"},{"key":"Salz","value":"1,8 g"}],"tags":["Gekühlt","Glutenfrei","Lactosefrei"]},
    {"url":"https://www.interspar.at/shop/lebensmittel/p/6095864","data":[{"key":"price","value":"0,74 €"},{"key":"oldPrice","value":"\n\t\t\t\t\t\n\t\t\t\t\t \n\t\t\t\t"},{"key":"pricePerUnit","value":"(14.90 €/kg)"},{"key":"productDetailsName","value":"Schärdinger Leicht - Traungold 45% Fett i. Tr. - 1 KG"},{"key":"detailsDescription","value":"1 KG"},{"key":"articleNumber","value":"Artikelnummer: 6095864"},{"key":"Lagerhinweis:","value":["Vor und nach dem Öffnen gekühlt (3-6°C) lagern. Nach dem Öffnen innerhalb weniger Tage verbrauchen."]},{"key":"Zutaten:","value":["Zutaten: MILCH, Salz, Farbstoff Beta-Carotin, mikrobielles Lab, Käsereikulturen, Festigungsmittel Calciumchlorid. In Großbuchstaben angegebene Zutaten enthalten allergene Inhaltsstoffe."]},{"key":"Allergene:","value":["Enthält:Milch und daraus gewonnene Erzeugnisse (inkl. Laktose)"]},{"key":"","value":["Laktosefrei"]},{"key":"Identitätskennzeichen:","value":["AT 40151 EG"]},{"key":"Ursprungsland/Herkunftsort:","value":["Österreich"]},{"key":"Kontakt:","value":["Berglandmilch eGen","Schubertstraße 30, 4600 Wels, Österreich"]}],"nutritions":[{"key":"","value":"Unzubereitet"},{"key":" ","value":"100 g"},{"key":"Energie","value":"1438 kJ | 346 kcal"},{"key":"Fett","value":"26 g"},{"key":"Fett, davon gesättigte Fettsäuren","value":"17 g"},{"key":"Kohlenhydrate","value":"0 g"},{"key":"Kohlenhydrate, davon Zucker","value":"0 g"},{"key":"Eiweiß","value":"28 g"},{"key":"Salz","value":"1 g"}],"tags":["Gekühlt","Glutenfrei","Lactosefrei"]},
    {"url":"https://www.interspar.at/shop/lebensmittel/p/6095949","data":[{"key":"price","value":"0,74 €"},{"key":"oldPrice","value":"\n\t\t\t\t\t\n\t\t\t\t\t \n\t\t\t\t"},{"key":"pricePerUnit","value":"(14.90 €/kg)"},{"key":"productDetailsName","value":"Schärdinger - Schlossdamer - 1 KG"},{"key":"detailsDescription","value":"1 KG"},{"key":"articleNumber","value":"Artikelnummer: 6095949"},{"key":"Lagerhinweis:","value":["Vor und nach dem Öffnen gekühlt (3-6°C) lagern. Nach dem Öffnen innerhalb weniger Tage verbrauchen."]},{"key":"Zutaten:","value":["Zutaten: MILCH, Salz, mikrobielles Lab, Farbstoff: Beta-Carotin, Käsereikulturen. In Großbuchstaben angegebene Zutaten enthalten allergene Inhaltsstoffe."]},{"key":"Allergene:","value":["Enthält:Milch und daraus gewonnene Erzeugnisse (inkl. Laktose)"]},{"key":"","value":["Laktosefrei"]},{"key":"Identitätskennzeichen:","value":["AT 60149 EG"]},{"key":"Ursprungsland/Herkunftsort:","value":["Österreich"]},{"key":"Kontakt:","value":["Berglandmilch eGen","A-4600 Wels"]}],"nutritions":[{"key":"","value":"Unzubereitet"},{"key":" ","value":"100 g"},{"key":"Energie","value":"1179 kJ | 283 kcal"},{"key":"Fett","value":"19 g"},{"key":"Fett, davon gesättigte Fettsäuren","value":"12 g"},{"key":"Kohlenhydrate","value":"0 g"},{"key":"Kohlenhydrate, davon Zucker","value":"0 g"},{"key":"Eiweiß","value":"28 g"},{"key":"Salz","value":"1,8 g"}],"tags":["Gekühlt","Glutenfrei","Lactosefrei"]},
    {"url":"https://www.interspar.at/shop/lebensmittel/p/6096014","data":[{"key":"price","value":"0,64 €"},{"key":"oldPrice","value":"\n\t\t\t\t\t\n\t\t\t\t\t \n\t\t\t\t"},{"key":"pricePerUnit","value":"(12.90 €/kg)"},{"key":"productDetailsName","value":"Schärdinger - Bergtilsiter - 1 KG"},{"key":"detailsDescription","value":"1 KG"},{"key":"articleNumber","value":"Artikelnummer: 6096014"},{"key":"Lagerhinweis:","value":["Gekühlt (+3°-6°C) lagern und nach dem Öffnen innerhalb von wenigen Tagen verbrauchen."]},{"key":"Zutaten:","value":["Zutaten: MILCH, Salz, mikrobielles Lab, Farbstoffe: Beta-Carotin, Annatto; Käsereikulturen. In Großbuchstaben angegebene Zutaten enthalten allergene Inhaltsstoffe."]},{"key":"Allergene:","value":["Enthält:Milch und daraus gewonnene Erzeugnisse (inkl. Laktose)"]},{"key":"","value":["Laktosefrei"]},{"key":"Identitätskennzeichen:","value":["AT 60149 EG"]},{"key":"Ursprungsland/Herkunftsort:","value":["Österreich"]},{"key":"Kontakt:","value":["Berglandmilch eGen","Schubertstraße 30, 4600 Wels, Österreich"]}],"nutritions":[{"key":"","value":"Unzubereitet"},{"key":" ","value":"100 g"},{"key":"Energie","value":"1384 kJ | 333 kcal"},{"key":"Fett","value":"25 g"},{"key":"Fett, davon gesättigte Fettsäuren","value":"16 g"},{"key":"Kohlenhydrate","value":"0 g"},{"key":"Kohlenhydrate, davon Zucker","value":"0 g"},{"key":"Ballaststoffe","value":"0 g"},{"key":"Eiweiß","value":"27 g"},{"key":"Salz","value":"1,8 g"}],"tags":["Gekühlt","Glutenfrei","Lactosefrei"]},
    {"url":"https://www.interspar.at/shop/lebensmittel/p/6101053","data":[{"key":"price","value":"8,49 €"},{"key":"oldPrice","value":"\n\t\t\t\t\t\n\t\t\t\t\t \n\t\t\t\t"},{"key":"pricePerUnit","value":"(8.49 €/kg)"},{"key":"productDetailsName","value":"Schärdinger - Gouda - 1 KG"},{"key":"detailsDescription","value":"1 KG"},{"key":"articleNumber","value":"Artikelnummer: 6101053"},{"key":"Lagerhinweis:","value":["Vor und nach dem Öffnen gekühlt lagern. Nach dem Öffnen innerhalb weniger Tage verbrauchen."]},{"key":"Zutaten:","value":["Zutaten: MILCH, Salz, mikrobielles Lab, Käsereikulturen, Farbstoff: Beta-Carotin. In Großbuchstaben angegebene Zutaten enthalten allergene Inhaltsstoffe."]},{"key":"Allergene:","value":["Enthält:Milch und daraus gewonnene Erzeugnisse (inkl. Laktose)"]},{"key":"","value":["Laktosefrei"]},{"key":"Identitätskennzeichen:","value":["AT 40153 EG"]},{"key":"Kontakt:","value":["Berglandmilch eGen","Schubertstraße 30, 4600 Wels, Österreich"]}],"nutritions":[{"key":"","value":"Unzubereitet"},{"key":" ","value":"100 g"},{"key":"Energie","value":"1404 kJ | 338 kcal"},{"key":"Fett","value":"26 g"},{"key":"Fett, davon gesättigte Fettsäuren","value":"17 g"},{"key":"Kohlenhydrate","value":"0 g"},{"key":"Kohlenhydrate, davon Zucker","value":"0 g"},{"key":"Eiweiß","value":"26 g"},{"key":"Salz","value":"1,3 g"}],"tags":["Gekühlt","Glutenfrei","Lactosefrei"]},
    {"url":"https://www.interspar.at/shop/lebensmittel/p/6252670","data":[{"key":"price","value":"7,79 €"},{"key":"oldPrice","value":"\n\t\t\t\t\t\n\t\t\t\t\t \n\t\t\t\t"},{"key":"pricePerUnit","value":"(11.13 €/kg)"},{"key":"productDetailsName","value":"Schärdinger - Bergbaron - 700 G"},{"key":"detailsDescription","value":"700 G"},{"key":"articleNumber","value":"Artikelnummer: 6252670"},{"key":"Lagerhinweis:","value":["Vor und nach dem Öffnen gekühlt lagern. Nach dem Öffnen innerhalb weniger Tage zu verbrauchen."]},{"key":"Zutaten:","value":["Zutaten: MILCH, Salz, Farbstoff: Beta-Carotin, mikrobielles Lab, Käsereikulturen. In Großbuchstaben angegebene Zutaten enthalten allergene Inhaltsstoffe."]},{"key":"Allergene:","value":["Enthält:Milch und daraus gewonnene Erzeugnisse (inkl. Laktose)"]},{"key":"","value":["Laktosefrei"]},{"key":"Identitätskennzeichen:","value":["AT 40153 EG"]},{"key":"Kontakt:","value":["Berglandmilch eGen","Schubertstraße 30, 4600 Wels, Österreich"]}],"nutritions":[{"key":"","value":"Unzubereitet"},{"key":" ","value":"100 g"},{"key":"Energie","value":"1438 kJ | 346 kcal"},{"key":"Fett","value":"26 g"},{"key":"Fett, davon gesättigte Fettsäuren","value":"17 g"},{"key":"Kohlenhydrate","value":"0 g"},{"key":"Kohlenhydrate, davon Zucker","value":"0 g"},{"key":"Eiweiß","value":"28 g"},{"key":"Salz","value":"1,3 g"}],"tags":["Gekühlt","Glutenfrei","Lactosefrei"]},
    {"url":"https://www.interspar.at/shop/lebensmittel/p/6426996","data":[{"key":"price","value":"2,69 €"},{"key":"oldPrice","value":"\n\t\t\t\t\t\n\t\t\t\t\t \n\t\t\t\t"},{"key":"pricePerUnit","value":"(10.76 €/kg)"},{"key":"productDetailsName","value":"Woerle - Tilsiter fein-pikant - 250 G"},{"key":"detailsDescription","value":"250 G"},{"key":"articleNumber","value":"Artikelnummer: 6426996"},{"key":"Lagerhinweis:","value":["Bei +2°C bis +7°C lagern. Nach dem Öffnen der Packung sollte das Produkt rasch verzehrt werden."]},{"key":"Zutaten:","value":["Zutaten: MILCH, Milchsäurebakterien, Lab, Salz, Farbstoff: Beta Carotin. In Großbuchstaben angegebene Zutaten enthalten allergene Inhaltsstoffe."]},{"key":"Allergene:","value":["Enthält:Milch und daraus gewonnene Erzeugnisse (inkl. Laktose)"]},{"key":"","value":["Laktosefrei"]},{"key":"Identitätskennzeichen:","value":["AT 50124 EG"]},{"key":"Kontakt:","value":["Gebrüder Woerle Ges.m.b.H.","Enzing 26, 5302 Henndorf, Österreich","woerle@woerle.at"]}],"nutritions":[{"key":"","value":"Unzubereitet"},{"key":" ","value":"100 g"},{"key":"Energie","value":"1199 kJ | 288 kcal"},{"key":"Fett","value":"20 g"},{"key":"Fett, davon gesättigte Fettsäuren","value":"14,6 g"},{"key":"Kohlenhydrate","value":"0 g"},{"key":"Kohlenhydrate, davon Zucker","value":"0 g"},{"key":"Eiweiß","value":"27 g"},{"key":"Salz","value":"1,75 g"}],"tags":["Gekühlt","Glutenfrei","Lactosefrei"]},
    {"url":"https://www.interspar.at/shop/lebensmittel/p/6561628","data":[{"key":"price","value":"2,59 €"},{"key":"oldPrice","value":"\n\t\t\t\t\t\n\t\t\t\t\t \n\t\t\t\t"},{"key":"pricePerUnit","value":"(14.39 €/kg)"},{"key":"productDetailsName","value":"Die Käsemacher - Ziegenkäsebällchen - 180 G"},{"key":"detailsDescription","value":"180 G"},{"key":"articleNumber","value":"Artikelnummer: 6561628"},{"key":"Lagerhinweis:","value":["Gekühlt (bei +4°C bis +7°C) lagern. Nach dem Öffnen innerhalb von 3 Tagen aufbrauchen."]},{"key":"Zutaten:","value":["Zutaten: 55% Ziegenfrischkäsezubereitung mind. 45% Fett i. Tr. (ZIEGENFRISCHKÄSE, Knoblauch, Gewürze, Speisesalz, Verdickungsmittel: Guarkernmehl, Konservierungsstoff: Kaliumsorbat), 44% Rapsöl, Oliven, Kräuter, Paprika. In Großbuchstaben angegebene Zutaten enthalten allergene Inhaltsstoffe."]},{"key":"Allergene:","value":["Enthält:Milch und daraus gewonnene Erzeugnisse (inkl. Laktose)"]},{"key":"Identitätskennzeichen:","value":["AT 30209 EG"]},{"key":"Abtropfgewicht:","value":["100 g"]},{"key":"Verbrauchen nach dem Öffnen:","value":["3 Tage"]},{"key":"Kontakt:","value":["Die Käsemacher","Europastraße 5, 3902 Vitis, Österreich"]}],"nutritions":[{"key":"","value":"Unzubereitet"},{"key":" ","value":"100 g"},{"key":"Energie","value":"1402 kJ | 339 kcal"},{"key":"Fett","value":"29 g"},{"key":"Fett, davon gesättigte Fettsäuren","value":"17 g"},{"key":"Kohlenhydrate","value":"2 g"},{"key":"Kohlenhydrate, davon Zucker","value":"1,7 g"},{"key":"Eiweiß","value":"15 g"},{"key":"Salz","value":"0,87 g"}],"tags":["Gekühlt","Glutenfrei"]},
    {"url":"https://www.interspar.at/shop/lebensmittel/p/6561925","data":[{"key":"price","value":"3,19 €"},{"key":"oldPrice","value":"\n\t\t\t\t\t\n\t\t\t\t\t \n\t\t\t\t"},{"key":"pricePerUnit","value":"(17.72 €/kg)"},{"key":"productDetailsName","value":"Die Käsemacher - Yellobell mit Frischkäse - 180 G"},{"key":"detailsDescription","value":"180 G"},{"key":"articleNumber","value":"Artikelnummer: 6561925"},{"key":"Lagerhinweis:","value":["Gekühlt (bei +4°C bis +7°C) lagern. Nach dem Öffnen innerhalb von 3 Tagen aufbrauchen."]},{"key":"Zutaten:","value":["Zutaten: 44% Rapsöl, 39% Patisson-Kürbisse (Yellobell), 17% Frischkäsezubereitung mind. 45% Fett i. Tr. (Frischkäse aus pasteurisierter KUH- und SCHAFMILCH, Speisesalz, Gewürze, Verdickungsmittel: Guarkernmehl, Konservierungsstoff: Kaliumsorbat). In Großbuchstaben angegebene Zutaten enthalten allergene Inhaltsstoffe."]},{"key":"Allergene:","value":["Enthält:Milch und daraus gewonnene Erzeugnisse (inkl. Laktose)"]},{"key":"Identitätskennzeichen:","value":["AT 30209 EG"]},{"key":"Abtropfgewicht:","value":["100 g"]},{"key":"Verbrauchen nach dem Öffnen:","value":["3 Tage"]},{"key":"Kontakt:","value":["Die Käsemacher","Europastraße 5, 3902 Vitis, Österreich"]}],"nutritions":[{"key":"","value":"Unzubereitet"},{"key":" ","value":"100 g"},{"key":"Energie","value":"628 kJ | 152 kcal"},{"key":"Fett","value":"13 g"},{"key":"Fett, davon gesättigte Fettsäuren","value":"3,9 g"},{"key":"Kohlenhydrate","value":"5,3 g"},{"key":"Kohlenhydrate, davon Zucker","value":"3,6 g"},{"key":"Eiweiß","value":"3,2 g"},{"key":"Salz","value":"0,28 g"}],"tags":["Gekühlt","Glutenfrei"]},
    {"url":"https://www.interspar.at/shop/lebensmittel/p/6594510","data":[{"key":"price","value":"2,69 €"},{"key":"oldPrice","value":"\n\t\t\t\t\t\n\t\t\t\t\t \n\t\t\t\t"},{"key":"pricePerUnit","value":"(26.90 €/kg)"},{"key":"productDetailsName","value":"Bresso - Antipasti mit Kräutern der Provence - 100 G"},{"key":"detailsDescription","value":"100 G"},{"key":"articleNumber","value":"Artikelnummer: 6594510"},{"key":"Lagerhinweis:","value":["Gekühlt bei +2°C bis +8°C lagern."]},{"key":"Zutaten:","value":["Zutaten: FRISCHKÄSE, Speisesalz, Paprika, weißer Pfeffer, schwarzer Pfeffer, Jamaika Piment, grüner Pfeffer, Basilikum, Thymian, Schnittlauch. In Großbuchstaben angegebene Zutaten enthalten allergene Inhaltsstoffe."]},{"key":"Allergene:","value":["Kann Spuren von Fisch enthalten.","Kann Spuren enthalten von:Fische und daraus gewonnene Erzeugnisse","Enthält:Milch und daraus gewonnene Erzeugnisse (inkl. Laktose)"]},{"key":"Identitätskennzeichen:","value":["FR 01-179-001 CE"]},{"key":"Kontakt:","value":["Bresso","PF 45, 1104 Wien, Österreich"]}],"nutritions":[],"tags":["Gekühlt","Glutenfrei"]},
    {"url":"https://www.interspar.at/shop/lebensmittel/p/6644130","data":[{"key":"price","value":"2,39 €"},{"key":"oldPrice","value":"\n\t\t\t\t\t\n\t\t\t\t\t \n\t\t\t\t"},{"key":"pricePerUnit","value":"(9.56 €/kg)"},{"key":"productDetailsName","value":"Schärdinger Schlanke Linie - Geheimratskäse leicht - 250 G"},{"key":"detailsDescription","value":"250 G"},{"key":"articleNumber","value":"Artikelnummer: 6644130"},{"key":"Lagerhinweis:","value":["Vor und nach dem Öffnen gekühlt (3-6° C) lagern. Nach dem Öffnen innerhalb weniger Tage verbrauchen."]},{"key":"Zutaten:","value":["Zutaten: MILCH, Salz, Farbstoff Beta Carotin, mikrobielles Lab, Käsereikulturen. In Großbuchstaben angegebene Zutaten enthalten allergene Inhaltsstoffe."]},{"key":"Allergene:","value":["Enthält:Milch und daraus gewonnene Erzeugnisse (inkl. Laktose)"]},{"key":"","value":["Laktosefrei"]},{"key":"Identitätskennzeichen:","value":["AT 40125 EG"]},{"key":"Kontakt:","value":["Berglandmilch eGen","Schubertstraße 30, 4600 Wels, Österreich"]}],"nutritions":[{"key":"","value":"Unzubereitet"},{"key":" ","value":"100 g"},{"key":"Energie","value":"1093 kJ | 261 kcal"},{"key":"Fett","value":"13 g"},{"key":"Fett, davon gesättigte Fettsäuren","value":"8 g"},{"key":"Kohlenhydrate","value":"0 g"},{"key":"Kohlenhydrate, davon Zucker","value":"0 g"},{"key":"Ballaststoffe","value":"0 g"},{"key":"Eiweiß","value":"36 g"},{"key":"Salz","value":"1,3 g"},{"key":"Kalzium","value":"750 mg | 94 %"}],"tags":["Glutenfrei","Lactosefrei"]},
    {"url":"https://www.interspar.at/shop/lebensmittel/p/6686864","data":[{"key":"price","value":"2,39 €"},{"key":"oldPrice","value":"\n\t\t\t\t\t\n\t\t\t\t\t \n\t\t\t\t"},{"key":"pricePerUnit","value":"(23.90 €/kg)"},{"key":"productDetailsName","value":"Fol Epi - Schnittkäse Classic - 100 G"},{"key":"detailsDescription","value":"100 G"},{"key":"articleNumber","value":"Artikelnummer: 6686864"},{"key":"Lagerhinweis:","value":["Bei +2°C bis +8°C lagern. Nach dem Öffnen alsbald verzehren."]},{"key":"Zutaten:","value":["Zutaten: pasteurisierte KUHMILCH, Salz, Käsereikulturen, Farbstoffe (in essbarer Rinde): Annatto, einfaches Zuckerkulör. In Großbuchstaben angegebene Zutaten enthalten allergene Inhaltsstoffe."]},{"key":"Allergene:","value":["Kann Spuren von Schalenfrüchten enthalten.","Kann Spuren enthalten von:Schalenfrüchte und daraus gewonnene Erzeugnisse","Enthält:Milch und daraus gewonnene Erzeugnisse (inkl. Laktose)"]},{"key":"","value":["natürlich reich an Calcium"]},{"key":"","value":["Laktosefrei"]},{"key":"Identitätskennzeichen:","value":["FR 53.014.001 CE"]},{"key":"Kontakt:","value":["Fol Epi","Postfach 45, 1104 Wien, Österreich"]}],"nutritions":[{"key":"","value":"Unzubereitet"},{"key":" ","value":"100 g"},{"key":"Energie","value":"1498 kJ | 361 kcal"},{"key":"Fett","value":"29 g"},{"key":"Fett, davon gesättigte Fettsäuren","value":"21 g"},{"key":"Kohlenhydrate","value":"< 0,5 g"},{"key":"Kohlenhydrate, davon Zucker","value":"< 0,5 g"},{"key":"Eiweiß","value":"25 g"},{"key":"Salz","value":"1,4 g"},{"key":"Kalzium","value":"780 mg | 98 %"}],"tags":["Gekühlt","Glutenfrei","Lactosefrei"]},
    {"url":"https://www.interspar.at/shop/lebensmittel/p/6687106","data":[{"key":"price","value":"2,39 €"},{"key":"oldPrice","value":"\n\t\t\t\t\t\n\t\t\t\t\t \n\t\t\t\t"},{"key":"pricePerUnit","value":"(23.90 €/kg)"},{"key":"productDetailsName","value":"Fol Epi - Schnittkäse Pfeffer - 100 G"},{"key":"detailsDescription","value":"100 G"},{"key":"articleNumber","value":"Artikelnummer: 6687106"},{"key":"Lagerhinweis:","value":["Bei +2°C bis +8°C lagern. Nach dem Öffnen alsbald verzehren."]},{"key":"Zutaten:","value":["Zutaten: pasteurisierte KUHMILCH, Salz, Käsereikulturen, Pfeffer, Farbstoffe (in essbarer Rinde): Annatto, einfaches Zuckerkulör. In Großbuchstaben angegebene Zutaten enthalten allergene Inhaltsstoffe."]},{"key":"Allergene:","value":["Kann Spuren von Schalenfrüchten enthalten.","Kann Spuren enthalten von:Schalenfrüchte und daraus gewonnene Erzeugnisse","Enthält:Milch und daraus gewonnene Erzeugnisse (inkl. Laktose)"]},{"key":"","value":["natürlich reich an Calcium"]},{"key":"","value":["Laktosefrei"]},{"key":"Identitätskennzeichen:","value":["FR 53.014.001 CE"]},{"key":"Kontakt:","value":["Fol Epi","Postfach 45, 1104 Wien, Österreich"]}],"nutritions":[{"key":"","value":"Unzubereitet"},{"key":" ","value":"100 g"},{"key":"Energie","value":"1498 kJ | 361 kcal"},{"key":"Fett","value":"29 g"},{"key":"Fett, davon gesättigte Fettsäuren","value":"20 g"},{"key":"Kohlenhydrate","value":"< 0,5 g"},{"key":"Kohlenhydrate, davon Zucker","value":"< 0,5 g"},{"key":"Eiweiß","value":"25 g"},{"key":"Salz","value":"1,4 g"},{"key":"Kalzium","value":"780 mg | 98 %"}],"tags":["Gekühlt","Glutenfrei","Lactosefrei"]},
    {"url":"https://www.interspar.at/shop/lebensmittel/p/6820572","data":[{"key":"price","value":"1,89 €"},{"key":"oldPrice","value":"\n\t\t\t\t\t\n\t\t\t\t\t \n\t\t\t\t"},{"key":"pricePerUnit","value":"(15.12 €/kg)"},{"key":"productDetailsName","value":"Castello - Frischkäse Ananas - 125 G"},{"key":"detailsDescription","value":"125 G"},{"key":"articleNumber","value":"Artikelnummer: 6820572"},{"key":"Lagerhinweis:","value":["Gekühlt aufbewahren bei + 2°C bis + 8°C lagern."]},{"key":"Zutaten:","value":["Zutaten: Pasteurisierte MILCH und SAHNE, MILCHEIWEISS, 8% MANDELN, 8% kandierte Papaya (75% Papaya, Rohrzucker, Reismehl, Säureregulator: Citronensäure), 8% Ananas, 5% Ananassaftkonzentrat, Zucker, Speisegelantine, Speisesalz, Stabilisator: Johannisbrotkernmehl, Zitrusfasern, Konservierungsstoff: Sorbinsäure, Milchsäurekulur. In Großbuchstaben angegebene Zutaten enthalten allergene Inhaltsstoffe."]},{"key":"Allergene:","value":["Enthält:Milch und daraus gewonnene Erzeugnisse (inkl. Laktose), Schalenfrüchte und daraus gewonnene Erzeugnisse"]},{"key":"Identitätskennzeichen:","value":["DK-M 201 EC"]},{"key":"Kontakt:","value":["Arla Foods Deutschland GmbH","Wahlerstraße 2, 40472 Düsseldorf, Deutschland"]}],"nutritions":[{"key":"","value":"Unzubereitet"},{"key":" ","value":"100 g"},{"key":"Energie","value":"1331 kJ | 320 kcal"},{"key":"Fett","value":"24 g"},{"key":"Fett, davon gesättigte Fettsäuren","value":"13 g"},{"key":"Kohlenhydrate","value":"15 g"},{"key":"Kohlenhydrate, davon Zucker","value":"13 g"},{"key":"Eiweiß","value":"8,7 g"},{"key":"Salz","value":"0,58 g"}],"tags":["Gekühlt","Glutenfrei"]},
    {"url":"https://www.interspar.at/shop/lebensmittel/p/6930523","data":[{"key":"price","value":"1,59 €"},{"key":"oldPrice","value":"\n\t\t\t\t\t\n\t\t\t\t\t \n\t\t\t\t"},{"key":"pricePerUnit","value":"(9.09 €/kg)"},{"key":"productDetailsName","value":"Philadelphia So Leicht - Natur - 175 G"},{"key":"detailsDescription","value":"175 G"},{"key":"articleNumber","value":"Artikelnummer: 6930523"},{"key":"Lagerhinweis:","value":["Gekühlt lagern."]},{"key":"Zutaten:","value":["Zutaten: FRISCHKÄSE, Molkenerzeugnisse (aus MILCH), Speisesalz, Verdickungsmittel: Johannisbrotkernmehl, Carrageen; Säuerungsmittel: Citronensäure. In Großbuchstaben angegebene Zutaten enthalten allergene Inhaltsstoffe."]},{"key":"Allergene:","value":["Enthält:Milch und daraus gewonnene Erzeugnisse (inkl. Laktose)"]},{"key":"Identitätskennzeichen:","value":["DE NI 12060 EG"]},{"key":"Zusatztext:","value":["Für Vegetarier geeignet."]},{"key":"Kontakt:","value":["Mondelez Österreich GmbH","Jacobsgasse 3, 1140 Wien, Österreich"]}],"nutritions":[{"key":"","value":"Unzubereitet"},{"key":" ","value":"100 g"},{"key":"Energie","value":"336 kJ | 80 kcal"},{"key":"Fett","value":"2,5 g"},{"key":"Fett, davon gesättigte Fettsäuren","value":"1,8 g"},{"key":"Kohlenhydrate","value":"5,9 g"},{"key":"Kohlenhydrate, davon Zucker","value":"5,9 g"},{"key":"Ballaststoffe","value":"0,4 g"},{"key":"Eiweiß","value":"11 g"},{"key":"Salz","value":"0,8 g"},{"key":"","value":"Unzubereitet"},{"key":" ","value":"Portion (30 g)"},{"key":"Energie","value":"101 kJ | 24 kcal | 1 %"},{"key":"Fett","value":"0,8 g | 1 %"},{"key":"Fett, davon gesättigte Fettsäuren","value":"0,5 g | 3 %"},{"key":"Kohlenhydrate","value":"1,8 g | 1 %"},{"key":"Kohlenhydrate, davon Zucker","value":"1,8 g | 2 %"},{"key":"Ballaststoffe","value":"0,1 g"},{"key":"Eiweiß","value":"3,3 g | 7 %"},{"key":"Salz","value":"0,24 g | 4 %"}],"tags":["Gekühlt","Glutenfrei"]},
    {"url":"https://www.interspar.at/shop/lebensmittel/p/6930769","data":[{"key":"price","value":"1,59 €"},{"key":"oldPrice","value":"\n\t\t\t\t\t\n\t\t\t\t\t \n\t\t\t\t"},{"key":"pricePerUnit","value":"(9.09 €/kg)"},{"key":"productDetailsName","value":"Philadelphia Balance - Kräuter - 175 G"},{"key":"detailsDescription","value":"175 G"},{"key":"articleNumber","value":"Artikelnummer: 6930769"},{"key":"Lagerhinweis:","value":["Gekühlt lagern."]},{"key":"Zutaten:","value":["Zutaten: FRISCHKÄSE, Molkenerzeugnisse (aus MILCH), Kräuter, Zwiebeln, Knoblauch, Speisesalz, Verdickungsmittel: Johannisbrotkernmehl, Carrageen; Säuerungsmittel: Citronensäure; Aroma (enthält SELLERIE). In Großbuchstaben angegebene Zutaten enthalten allergene Inhaltsstoffe."]},{"key":"Allergene:","value":["Enthält:Milch und daraus gewonnene Erzeugnisse (inkl. Laktose), Sellerie und daraus gewonnene Erzeugnisse"]},{"key":"","value":["Fettreduziert: Mindestens 40% weniger Fett als Philadelphia Doppelrahmstufe"]},{"key":"Identitätskennzeichen:","value":["DE NI 12060 EG"]},{"key":"Zusatztext:","value":["Für Vegetarier geeignet."]},{"key":"Kontakt:","value":["Mondelez Österreich GmbH","Jacobsgasse 3, 1140 Wien, Österreich"]}],"nutritions":[{"key":"","value":"Unzubereitet"},{"key":" ","value":"100 g"},{"key":"Energie","value":"601 kJ | 144 kcal"},{"key":"Fett","value":"10,5 g"},{"key":"Fett, davon gesättigte Fettsäuren","value":"6,7 g"},{"key":"Kohlenhydrate","value":"5,3 g"},{"key":"Kohlenhydrate, davon Zucker","value":"5,1 g"},{"key":"Ballaststoffe","value":"0,7 g"},{"key":"Eiweiß","value":"7 g"},{"key":"Salz","value":"1,02 g"},{"key":"","value":"Unzubereitet"},{"key":" ","value":"Portion (30 g)"},{"key":"Energie","value":"180 kJ | 43 kcal | 2 %"},{"key":"Fett","value":"3,1 g | 4 %"},{"key":"Fett, davon gesättigte Fettsäuren","value":"2 g | 10 %"},{"key":"Kohlenhydrate","value":"1,6 g | 1 %"},{"key":"Kohlenhydrate, davon Zucker","value":"1,5 g | 2 %"},{"key":"Ballaststoffe","value":"0,2 g"},{"key":"Eiweiß","value":"2,1 g | 4 %"},{"key":"Salz","value":"0,31 g | 5 %"}],"tags":["Gekühlt","Glutenfrei"]},
    {"url":"https://www.interspar.at/shop/lebensmittel/p/6930820","data":[{"key":"price","value":"1,59 €"},{"key":"oldPrice","value":"\n\t\t\t\t\t\n\t\t\t\t\t \n\t\t\t\t"},{"key":"pricePerUnit","value":"(9.09 €/kg)"},{"key":"productDetailsName","value":"Philadelphia Balance - Meerrettich - 175 G"},{"key":"detailsDescription","value":"175 G"},{"key":"articleNumber","value":"Artikelnummer: 6930820"},{"key":"Lagerhinweis:","value":["Gekühlt lagern."]},{"key":"Zutaten:","value":["Zutaten: FRISCHKÄSE (69%), Molkenerzeugnisse (aus MILCH), Meerrettichzubereitung [Meerrettich (11%), Essig aus Agraralkohol, Rapsöl, Aroma, Molkenerzeugnis (aus MILCH), Antioxidationsmittel: NATRIUMMETABISULFIT], Speisesalz, Verdickungsmittel: Johannisbrotkernmehl, Carrageen; Säuerungsmittel: Citronensäure. In Großbuchstaben angegebene Zutaten enthalten allergene Inhaltsstoffe."]},{"key":"Allergene:","value":["Enthält:Milch und daraus gewonnene Erzeugnisse (inkl. Laktose), Schwefeldioxid und Sulphite"]},{"key":"","value":["Fettreduziert: Mindestens 40% weniger Fett als Philadelphia Doppelrahmstufe"]},{"key":"Identitätskennzeichen:","value":["DE NI 12060 EG"]},{"key":"Zusatztext:","value":["Für Vegetarier geeignet."]},{"key":"Kontakt:","value":["Mondelez Österreich GmbH","Jacobsgasse 3, 1140 Wien, Österreich"]}],"nutritions":[{"key":"","value":"Unzubereitet"},{"key":" ","value":"100 g"},{"key":"Energie","value":"587 kJ | 141 kcal"},{"key":"Fett","value":"9,8 g"},{"key":"Fett, davon gesättigte Fettsäuren","value":"6,2 g"},{"key":"Kohlenhydrate","value":"5,6 g"},{"key":"Kohlenhydrate, davon Zucker","value":"5,5 g"},{"key":"Ballaststoffe","value":"1,1 g"},{"key":"Eiweiß","value":"6,6 g"},{"key":"Salz","value":"0,95 g"},{"key":"","value":"Unzubereitet"},{"key":" ","value":"Portion (30 g)"},{"key":"Energie","value":"176 kJ | 42 kcal | 2 %"},{"key":"Fett","value":"3 g | 4 %"},{"key":"Fett, davon gesättigte Fettsäuren","value":"1,9 g | 10 %"},{"key":"Kohlenhydrate","value":"1,7 g | 1 %"},{"key":"Kohlenhydrate, davon Zucker","value":"1,7 g | 2 %"},{"key":"Ballaststoffe","value":"0,3 g"},{"key":"Eiweiß","value":"2 g | 4 %"},{"key":"Salz","value":"0,29 g | 5 %"}],"tags":["Gekühlt","Glutenfrei"]},
    {"url":"https://www.interspar.at/shop/lebensmittel/p/6930929","data":[{"key":"price","value":"1,59 €"},{"key":"oldPrice","value":"\n\t\t\t\t\t\n\t\t\t\t\t \n\t\t\t\t"},{"key":"pricePerUnit","value":"(9.09 €/kg)"},{"key":"productDetailsName","value":"Philadelphia Balance - Natur - 175 G"},{"key":"detailsDescription","value":"175 G"},{"key":"articleNumber","value":"Artikelnummer: 6930929"},{"key":"Lagerhinweis:","value":["Gekühlt lagern."]},{"key":"Zutaten:","value":["Zutaten: FRISCHKÄSE, Molkenerzeugnisse (aus MILCH), Speisesalz, Verdickungsmittel: Johannisbrotkernmehl, Carrageen; Säuerungsmittel: Citronensäure. In Großbuchstaben angegebene Zutaten enthalten allergene Inhaltsstoffe."]},{"key":"Allergene:","value":["Enthält:Milch und daraus gewonnene Erzeugnisse (inkl. Laktose)"]},{"key":"","value":["Fettreduziert: Mindestens 40% weniger Fett als Philadelphia Doppelrahmstufe"]},{"key":"Identitätskennzeichen:","value":["DE NI 12060 EG"]},{"key":"Zusatztext:","value":["Für Vegetarier geeignet."]},{"key":"Kontakt:","value":["Mondelez Österreich GmbH","Jacobsgasse 3, 1140 Wien, Österreich"]}],"nutritions":[{"key":"","value":"Unzubereitet"},{"key":" ","value":"100 g"},{"key":"Energie","value":"632 kJ | 152 kcal"},{"key":"Fett","value":"11 g"},{"key":"Fett, davon gesättigte Fettsäuren","value":"7,2 g"},{"key":"Kohlenhydrate","value":"5,1 g"},{"key":"Kohlenhydrate, davon Zucker","value":"5,1 g"},{"key":"Ballaststoffe","value":"0,5 g"},{"key":"Eiweiß","value":"7,4 g"},{"key":"Salz","value":"0,8 g"},{"key":"","value":"Unzubereitet"},{"key":" ","value":"Portion (30 g)"},{"key":"Energie","value":"189 kJ | 46 kcal | 2 %"},{"key":"Fett","value":"3,3 g | 5 %"},{"key":"Fett, davon gesättigte Fettsäuren","value":"2,2 g | 11 %"},{"key":"Kohlenhydrate","value":"1,5 g | 1 %"},{"key":"Kohlenhydrate, davon Zucker","value":"1,5 g | 2 %"},{"key":"Ballaststoffe","value":"0,2 g"},{"key":"Eiweiß","value":"2,2 g | 4 %"},{"key":"Salz","value":"0,24 g | 4 %"}],"tags":["Gekühlt","Glutenfrei"]},
    {"url":"https://www.interspar.at/shop/lebensmittel/p/6931056","data":[{"key":"price","value":"1,59 €"},{"key":"oldPrice","value":"\n\t\t\t\t\t\n\t\t\t\t\t \n\t\t\t\t"},{"key":"pricePerUnit","value":"(9.09 €/kg)"},{"key":"productDetailsName","value":"Philadelphia Balance - Liptauer mild - 175 G"},{"key":"detailsDescription","value":"175 G"},{"key":"articleNumber","value":"Artikelnummer: 6931056"},{"key":"Lagerhinweis:","value":["Gekühlt lagern."]},{"key":"Zutaten:","value":["Zutaten: FRISCHKÄSE, Molkenerzeugnisse (aus MILCH), Gurken (3%), Paprika (2%), Tomatenmark, Zucker, Speisesalz, Senf (Wasser, SENFKORNMEHL, Branntweinessig, Speisesalz, Gewürze), Verdickungsmittel: Johannisbrotkernmehl, Carrageen; Aromen, Zwiebeln, Kräuter, Branntweinessig, Säuerungsmittel: Citronensäure. In Großbuchstaben angegebene Zutaten enthalten allergene Inhaltsstoffe."]},{"key":"Allergene:","value":["Enthält:Milch und daraus gewonnene Erzeugnisse (inkl. Laktose), Senf und daraus gewonnene Erzeugnisse"]},{"key":"","value":["Fettreduziert: Mindestens 40% weniger Fett als Philadelphia Doppelrahmstufe"]},{"key":"Identitätskennzeichen:","value":["DE NI 12060 EG"]},{"key":"Zusatztext:","value":["Für Vegetarier geeignet."]},{"key":"Kontakt:","value":["Mondelez Österreich GmbH","Jacobsgasse 3, 1140 Wien, Österreich"]}],"nutritions":[{"key":"","value":"Unzubereitet"},{"key":" ","value":"100 g"},{"key":"Energie","value":"600 kJ | 144 kcal"},{"key":"Fett","value":"9,1 g"},{"key":"Fett, davon gesättigte Fettsäuren","value":"5,8 g"},{"key":"Kohlenhydrate","value":"7,9 g"},{"key":"Kohlenhydrate, davon Zucker","value":"7,7 g"},{"key":"Ballaststoffe","value":"1,2 g"},{"key":"Eiweiß","value":"6,5 g"},{"key":"Salz","value":"1,63 g"},{"key":"","value":"Unzubereitet"},{"key":" ","value":"Portion (30 g)"},{"key":"Energie","value":"180 kJ | 43 kcal | 2 %"},{"key":"Ballaststoffe","value":"0,4 g"},{"key":"Eiweiß","value":"1,9 g | 4 %"},{"key":"Salz","value":"0,49 g | 8 %"}],"tags":["Gekühlt","Glutenfrei"]},
    {"url":"https://www.interspar.at/shop/lebensmittel/p/6931131","data":[{"key":"price","value":"1,59 €"},{"key":"oldPrice","value":"\n\t\t\t\t\t\n\t\t\t\t\t \n\t\t\t\t"},{"key":"pricePerUnit","value":"(9.09 €/kg)"},{"key":"productDetailsName","value":"Philadelphia Balance - Schnittlauch - 175 G"},{"key":"detailsDescription","value":"175 G"},{"key":"articleNumber","value":"Artikelnummer: 6931131"},{"key":"Lagerhinweis:","value":["Gekühlt lagern."]},{"key":"Zutaten:","value":["Zutaten: FRISCHKÄSE, Molkenerzeugnisse (aus MILCH), Schnittlauch, Speisesalz, Verdickungsmittel: Johannisbrotkernmehl, Carrageen; Säuerungsmittel: Citronensäure. In Großbuchstaben angegebene Zutaten enthalten allergene Inhaltsstoffe."]},{"key":"Allergene:","value":["Enthält:Milch und daraus gewonnene Erzeugnisse (inkl. Laktose)"]},{"key":"","value":["Fettreduziert: Mindestens 40% weniger Fett als Philadelphia Doppelrahmstufe"]},{"key":"Identitätskennzeichen:","value":["DE NI 12060 EG"]},{"key":"Zusatztext:","value":["Für Vegetarier geeignet."]},{"key":"Kontakt:","value":["Mondelez Österreich GmbH","Jacobsgasse 3, 1140 Wien, Österreich"]}],"nutritions":[{"key":"","value":"Unzubereitet"},{"key":" ","value":"100 g"},{"key":"Energie","value":"626 kJ | 151 kcal"},{"key":"Fett","value":"11 g"},{"key":"Fett, davon gesättigte Fettsäuren","value":"7,1 g"},{"key":"Kohlenhydrate","value":"5,2 g"},{"key":"Kohlenhydrate, davon Zucker","value":"5 g"},{"key":"Ballaststoffe","value":"0,6 g"},{"key":"Eiweiß","value":"7,4 g"},{"key":"Salz","value":"1,25 g"},{"key":"","value":"Unzubereitet"},{"key":" ","value":"Portion (30 g)"},{"key":"Energie","value":"188 kJ | 45 kcal | 2 %"},{"key":"Fett","value":"3,3 g | 5 %"},{"key":"Fett, davon gesättigte Fettsäuren","value":"2,1 g | 11 %"},{"key":"Kohlenhydrate","value":"1,5 g | 1 %"},{"key":"Kohlenhydrate, davon Zucker","value":"1,5 g | 2 %"},{"key":"Ballaststoffe","value":"0,2 g"},{"key":"Eiweiß","value":"2,2 g | 4 %"},{"key":"Salz","value":"0,38 g | 6 %"}],"tags":["Gekühlt","Glutenfrei"]},
    {"url":"https://www.interspar.at/shop/lebensmittel/p/6931155","data":[{"key":"price","value":"1,59 €"},{"key":"oldPrice","value":"\n\t\t\t\t\t\n\t\t\t\t\t \n\t\t\t\t"},{"key":"pricePerUnit","value":"(9.09 €/kg)"},{"key":"productDetailsName","value":"Philadelphia So Leicht - Kräuter - 175 G"},{"key":"detailsDescription","value":"175 G"},{"key":"articleNumber","value":"Artikelnummer: 6931155"},{"key":"Lagerhinweis:","value":["Gekühlt lagern."]},{"key":"Zutaten:","value":["Zutaten: FRISCHKÄSE, Molkenerzeugnisse (aus MILCH), Kräuter, Zwiebeln, Knoblauch, Speisesalz, Verdickungsmittel: Johannisbrotkernmehl, Carrageen; Säuerungsmittel: Citronensäure; Aroma (enthält SELLERIE). In Großbuchstaben angegebene Zutaten enthalten allergene Inhaltsstoffe."]},{"key":"Allergene:","value":["Enthält:Milch und daraus gewonnene Erzeugnisse (inkl. Laktose), Sellerie und daraus gewonnene Erzeugnisse"]},{"key":"Identitätskennzeichen:","value":["DE NI 12060 EG"]},{"key":"Zusatztext:","value":["Für Vegetarier geeignet."]},{"key":"Kontakt:","value":["Mondelez Österreich GmbH","Jacobsgasse 3, 1140 Wien, Österreich"]}],"nutritions":[{"key":"","value":"Unzubereitet"},{"key":" ","value":"100 g"},{"key":"Energie","value":"335 kJ | 80 kcal"},{"key":"Fett","value":"2,4 g"},{"key":"Fett, davon gesättigte Fettsäuren","value":"1,7 g"},{"key":"Kohlenhydrate","value":"6,2 g"},{"key":"Kohlenhydrate, davon Zucker","value":"6 g"},{"key":"Ballaststoffe","value":"0,5 g"},{"key":"Eiweiß","value":"10,5 g"},{"key":"Salz","value":"1,05 g"},{"key":"","value":"Unzubereitet"},{"key":" ","value":"Portion (30 g)"},{"key":"Energie","value":"100 kJ | 24 kcal | 1 %"},{"key":"Fett","value":"0,7 g | 1 %"},{"key":"Fett, davon gesättigte Fettsäuren","value":"0,5 g | 3 %"},{"key":"Kohlenhydrate","value":"1,8 g | 1 %"},{"key":"Kohlenhydrate, davon Zucker","value":"1,8 g | 2 %"},{"key":"Ballaststoffe","value":"0,2 g"},{"key":"Eiweiß","value":"3,2 g | 6 %"},{"key":"Salz","value":"0,32 g | 5 %"}],"tags":["Gekühlt","Glutenfrei"]},
    {"url":"https://www.interspar.at/shop/lebensmittel/p/6931247","data":[{"key":"price","value":"1,59 €"},{"key":"oldPrice","value":"\n\t\t\t\t\t\n\t\t\t\t\t \n\t\t\t\t"},{"key":"pricePerUnit","value":"(9.09 €/kg)"},{"key":"productDetailsName","value":"Philadelphia Klassisch - Kräuter - 175 G"},{"key":"detailsDescription","value":"175 G"},{"key":"articleNumber","value":"Artikelnummer: 6931247"},{"key":"Lagerhinweis:","value":["Gekühlt lagern."]},{"key":"Zutaten:","value":["Zutaten: FRISCHKÄSE, Molkenerzeugnisse (aus MILCH), Kräuter, Zwiebel, Knoblauch, Speisesalz, Verdickungsmittel: Carrageen, Johannisbrotkernmehl; Säuerungsmittel: Citronensäure; Aroma (enthält SELLERIE). In Großbuchstaben angegebene Zutaten enthalten allergene Inhaltsstoffe."]},{"key":"Allergene:","value":["Enthält:Milch und daraus gewonnene Erzeugnisse (inkl. Laktose), Sellerie und daraus gewonnene Erzeugnisse"]},{"key":"Identitätskennzeichen:","value":["DE NI 12060 EG"]},{"key":"Zusatztext:","value":["Für Vegetarier geeignet."]},{"key":"Kontakt:","value":["Mondelez Österreich GmbH","Jacobsgasse 3, 1140 Wien, Österreich"]}],"nutritions":[{"key":"","value":"Unzubereitet"},{"key":" ","value":"100 g"},{"key":"Energie","value":"909 kJ | 220 kcal"},{"key":"Fett","value":"20 g"},{"key":"Fett, davon gesättigte Fettsäuren","value":"13,5 g"},{"key":"Kohlenhydrate","value":"4,3 g"},{"key":"Kohlenhydrate, davon Zucker","value":"4,1 g"},{"key":"Ballaststoffe","value":"0,4 g"},{"key":"Eiweiß","value":"5,3 g"},{"key":"Salz","value":"1,08 g"},{"key":"","value":"Unzubereitet"},{"key":" ","value":"Portion (30 g)"},{"key":"Energie","value":"273 kJ | 66 kcal | 3 %"},{"key":"Fett","value":"6 g | 9 %"},{"key":"Fett, davon gesättigte Fettsäuren","value":"4 g | 20 %"},{"key":"Kohlenhydrate","value":"1,3 g | 1 %"},{"key":"Kohlenhydrate, davon Zucker","value":"1,2 g | 1 %"},{"key":"Ballaststoffe","value":"0,1 g"},{"key":"Eiweiß","value":"1,6 g | 3 %"},{"key":"Salz","value":"0,32 g | 5 %"}],"tags":["Gekühlt","Glutenfrei"]},
    {"url":"https://www.interspar.at/shop/lebensmittel/p/6931261","data":[{"key":"price","value":"1,59 €"},{"key":"oldPrice","value":"\n\t\t\t\t\t\n\t\t\t\t\t \n\t\t\t\t"},{"key":"pricePerUnit","value":"(9.09 €/kg)"},{"key":"productDetailsName","value":"Philadelphia Klassisch - Natur - 175 G"},{"key":"detailsDescription","value":"175 G"},{"key":"articleNumber","value":"Artikelnummer: 6931261"},{"key":"Lagerhinweis:","value":["Gekühlt aufbewahren."]},{"key":"Zutaten:","value":["Zutaten: FRISCHKÄSE, Molkenerzeugnisse (aus MILCH), Speisesalz, Verdickungsmittel: Johannisbrotkernmehl; Säuerungsmittel: Citronensäure. In Großbuchstaben angegebene Zutaten enthalten allergene Inhaltsstoffe."]},{"key":"Allergene:","value":["Enthält:Milch und daraus gewonnene Erzeugnisse (inkl. Laktose)"]},{"key":"Identitätskennzeichen:","value":["DE NI 12060 EG"]},{"key":"Zusatztext:","value":["Für Vegetarier geeignet."]},{"key":"Kontakt:","value":["Mondelez Österreich GmbH","Jacobsgasse 3, 1140 Wien, Österreich"]}],"nutritions":[{"key":"","value":"Unzubereitet"},{"key":" ","value":"100 g"},{"key":"Energie","value":"964 kJ | 235 kcal"},{"key":"Fett","value":"21,5 g"},{"key":"Fett, davon gesättigte Fettsäuren","value":"14,5 g"},{"key":"Kohlenhydrate","value":"4 g"},{"key":"Kohlenhydrate, davon Zucker","value":"4 g"},{"key":"Ballaststoffe","value":"0,2 g"},{"key":"Eiweiß","value":"5,5 g"},{"key":"Salz","value":"0,8 g"},{"key":"","value":"Unzubereitet"},{"key":" ","value":"Portion (30 g)"},{"key":"Energie","value":"289 kJ | 70 kcal | 4 %"},{"key":"Fett","value":"6,5 g | 9 %"},{"key":"Fett, davon gesättigte Fettsäuren","value":"4,3 g | 22 %"},{"key":"Kohlenhydrate","value":"1,2 g | 1 %"},{"key":"Kohlenhydrate, davon Zucker","value":"1,2 g | 1 %"},{"key":"Ballaststoffe","value":"0,1 g"},{"key":"Eiweiß","value":"1,7 g | 3 %"},{"key":"Salz","value":"0,24 g | 4 %"}],"tags":["Gekühlt","Glutenfrei"]},
    {"url":"https://www.interspar.at/shop/lebensmittel/p/6931322","data":[{"key":"price","value":"1,59 €"},{"key":"oldPrice","value":"\n\t\t\t\t\t\n\t\t\t\t\t \n\t\t\t\t"},{"key":"pricePerUnit","value":"(9.09 €/kg)"},{"key":"productDetailsName","value":"Philadelphia Balance - Joghurt - 175 G"},{"key":"detailsDescription","value":"175 G"},{"key":"articleNumber","value":"Artikelnummer: 6931322"},{"key":"Lagerhinweis:","value":["Gekühlt lagern."]},{"key":"Zutaten:","value":["Zutaten: FRISCHKÄSE, fettarmer JOGHURT (16%), Molkenerzeugnisse (aus MILCH), Speisesalz, Verdickungsmittel: Johannisbrotkernmehl, Carrageen; Säuerungsmittel: Citronensäure. In Großbuchstaben angegebene Zutaten enthalten allergene Inhaltsstoffe."]},{"key":"Allergene:","value":["Enthält:Milch und daraus gewonnene Erzeugnisse (inkl. Laktose)"]},{"key":"","value":["Fettreduziert: Mindestens 30% weniger Fett als Philadelphia Doppelrahmstufe"]},{"key":"Identitätskennzeichen:","value":["DE NI 12060 EG"]},{"key":"Zusatztext:","value":["Für Vegetarier geeignet."]},{"key":"Kontakt:","value":["Mondelez Österreich GmbH","Jacobsgasse 3, 1140 Wien, Österreich"]}],"nutritions":[{"key":"","value":"Unzubereitet"},{"key":" ","value":"100 g"},{"key":"Energie","value":"673 kJ | 162 kcal"},{"key":"Fett","value":"12 g"},{"key":"Fett, davon gesättigte Fettsäuren","value":"7,9 g"},{"key":"Kohlenhydrate","value":"5 g"},{"key":"Kohlenhydrate, davon Zucker","value":"5 g"},{"key":"Ballaststoffe","value":"0,4 g"},{"key":"Eiweiß","value":"7,3 g"},{"key":"Salz","value":"0,78 g"},{"key":"","value":"Unzubereitet"},{"key":" ","value":"Portion (30 g)"},{"key":"Energie","value":"202 kJ | 49 kcal | 2 %"},{"key":"Fett","value":"3,7 g | 5 %"},{"key":"Fett, davon gesättigte Fettsäuren","value":"2,4 g | 12 %"},{"key":"Kohlenhydrate","value":"1,5 g | 1 %"},{"key":"Kohlenhydrate, davon Zucker","value":"1,5 g | 2 %"},{"key":"Ballaststoffe","value":"0,1 g"},{"key":"Eiweiß","value":"2,2 g | 4 %"},{"key":"Salz","value":"0,23 g | 4 %"}],"tags":["Gekühlt","Glutenfrei"]},
    {"url":"https://www.interspar.at/shop/lebensmittel/p/693561","data":[{"key":"price","value":"0,80 €"},{"key":"oldPrice","value":"\n\t\t\t\t\t\n\t\t\t\t\t \n\t\t\t\t"},{"key":"pricePerUnit","value":"(15.90 €/kg)"},{"key":"productDetailsName","value":"Schärdinger St. Patron -  - 1 KG"},{"key":"detailsDescription","value":"1 KG"},{"key":"articleNumber","value":"Artikelnummer: 693561"},{"key":"Lagerhinweis:","value":["Vor und nach dem Öffnen gekühlt (3-6°C) lagern. Nach dem Öffnen innerhalb weniger Tage verbrauchen."]},{"key":"Zutaten:","value":["Zutaten: MILCH, Salz, mikrobielles Lab, Festigungsmittel: Calciumchlorid, Käsereikulturen. In Großbuchstaben angegebene Zutaten enthalten allergene Inhaltsstoffe."]},{"key":"Allergene:","value":["Enthält:Milch und daraus gewonnene Erzeugnisse (inkl. Laktose)"]},{"key":"Ursprungsland/Herkunftsort:","value":["Österreich"]},{"key":"Kontakt:","value":["Berglandmilch","A-4600 Wels"]}],"nutritions":[{"key":"","value":"Unzubereitet"},{"key":" ","value":"100 g"},{"key":"Energie","value":"1487 kJ | 359 kcal"},{"key":"Fett","value":"31 g"},{"key":"Fett, davon gesättigte Fettsäuren","value":"20 g"},{"key":"Kohlenhydrate","value":"0 g"},{"key":"Kohlenhydrate, davon Zucker","value":"0 g"},{"key":"Eiweiß","value":"20 g"},{"key":"Salz","value":"1,5 g"}],"tags":["Gekühlt","Glutenfrei","Lactosefrei"]},
    {"url":"https://www.interspar.at/shop/lebensmittel/p/6952402","data":[{"key":"price","value":"1,49 €"},{"key":"oldPrice","value":"\n\t\t\t\t\t\n\t\t\t\t\tstatt 1,99 €\n\t\t\t\t"},{"key":"pricePerUnit","value":"(9.93 €/kg)"},{"key":"productDetailsName","value":"Bresso - Frischkäse grüner Pfeffer - 150 G"},{"key":"detailsDescription","value":"150 G"},{"key":"articleNumber","value":"Artikelnummer: 6952402"},{"key":"Lagerhinweis:","value":["Gekühlt lagern."]},{"key":"Zutaten:","value":["Zutaten: FRISCHKÄSE, CRÉME FRAÎCHE, BUTTER, Wasser, grüner Pfeffer (2,2%), Speisesalz, Branntweinessig, Speisegelatine, Verdickungsmittel E 466. In Großbuchstaben angegebene Zutaten enthalten allergene Inhaltsstoffe."]},{"key":"Allergene:","value":["Enthält:Milch und daraus gewonnene Erzeugnisse (inkl. Laktose)"]},{"key":"Identitätskennzeichen:","value":["DE BY 714 EG"]},{"key":"Zusatztext:","value":["Mit Stickstoff aufgeschlagen."]},{"key":"Kontakt:","value":["Bresso","PF 45, 1104 Wien, Österreich"]}],"nutritions":[{"key":"","value":"Unzubereitet"},{"key":" ","value":"100 g"},{"key":"Energie","value":"996 kJ | 241 kcal"},{"key":"Fett","value":"22 g"},{"key":"Fett, davon gesättigte Fettsäuren","value":"14 g"},{"key":"Kohlenhydrate","value":"2,7 g"},{"key":"Kohlenhydrate, davon Zucker","value":"2,5 g"},{"key":"Eiweiß","value":"8 g"},{"key":"Salz","value":"1,2 g"},{"key":"","value":"Unzubereitet"},{"key":" ","value":"Portion (20 g)"},{"key":"Energie","value":"198 kJ | 48 kcal"},{"key":"Fett","value":"4,4 g"},{"key":"Fett, davon gesättigte Fettsäuren","value":"2,8 g"},{"key":"Kohlenhydrate","value":"0,5 g"},{"key":"Kohlenhydrate, davon Zucker","value":"0,5 g"},{"key":"Eiweiß","value":"1,6 g"},{"key":"Salz","value":"0,2 g"}],"tags":["Gekühlt","Glutenfrei"]},
    {"url":"https://www.interspar.at/shop/lebensmittel/p/6953140","data":[{"key":"price","value":"0,92 €"},{"key":"oldPrice","value":"\n\t\t\t\t\t\n\t\t\t\t\t \n\t\t\t\t"},{"key":"pricePerUnit","value":"(18.50 €/kg)"},{"key":"productDetailsName","value":"Pfefferrebell -  - 1 KG"},{"key":"detailsDescription","value":"1 KG"},{"key":"articleNumber","value":"Artikelnummer: 6953140"},{"key":"Lagerhinweis:","value":["Gekühlt lagern bei +2° - 8°C."]},{"key":"Zutaten:","value":["Zutaten: MILCH, Salz, Pfefferkörner, Käsereikulturen, tierisches Lab.*gentechnikfrei erzeugt gemäß Codexrichtlinie \"Gentechnikfreie Produktion\"; Kontrolle durch SLK GmbH. In Großbuchstaben angegebene Zutaten enthalten allergene Inhaltsstoffe."]},{"key":"Allergene:","value":["Kann Spuren von Walnüssen und Schwefeldioxid enthalten.","Kann Spuren enthalten von:Schalenfrüchte und daraus gewonnene Erzeugnisse, Schwefeldioxid und Sulphite","Enthält:Milch und daraus gewonnene Erzeugnisse (inkl. Laktose)"]},{"key":"Identitätskennzeichen:","value":["DE BY 149 EG"]},{"key":"Ursprungsland/Herkunftsort:","value":["Deutschland"]},{"key":"Kontakt:","value":["Käserebellen GmbH","Auerbergstraße 8, 86989 Steingaden"]}],"nutritions":[{"key":"","value":"Unzubereitet"},{"key":" ","value":"100 g"},{"key":"Energie","value":"385 kJ | 1613 kcal"},{"key":"Fett","value":"33 g"},{"key":"Fett, davon gesättigte Fettsäuren","value":"22 g"},{"key":"Kohlenhydrate","value":"0,1 g"},{"key":"Kohlenhydrate, davon Zucker","value":"0,1 g"},{"key":"Ballaststoffe","value":"0 g"},{"key":"Eiweiß","value":"23 g"},{"key":"Salz","value":"1,5 g"}],"tags":["Gekühlt","Glutenfrei"]},
    {"url":"https://www.interspar.at/shop/lebensmittel/p/6955038","data":[{"key":"price","value":"1,49 €"},{"key":"oldPrice","value":"\n\t\t\t\t\t\n\t\t\t\t\tstatt 1,99 €\n\t\t\t\t"},{"key":"pricePerUnit","value":"(9.93 €/kg)"},{"key":"productDetailsName","value":"Bresso - Frischkäse Lachs & Kren - 150 G"},{"key":"detailsDescription","value":"150 G"},{"key":"articleNumber","value":"Artikelnummer: 6955038"},{"key":"Lagerhinweis:","value":["Gekühlt lagern."]},{"key":"Zutaten:","value":["Zutaten: FRISCHKÄSE, CRÉME FRAÎCHE, BUTTER, Kren (6%), LACHS (4%), Zucker, jodiertes Speisesalz, pflanzliches Öl (Raps), Stärke, Säuerungsmittel: Milchsäure, Antioxidationsmittel: E223, Pfeffer, Aroma, Speisesalz, Speisegelatine, Verdickungsmittel: E466. In Großbuchstaben angegebene Zutaten enthalten allergene Inhaltsstoffe."]},{"key":"Allergene:","value":["Enthält:Milch und daraus gewonnene Erzeugnisse (inkl. Laktose)"]},{"key":"Identitätskennzeichen:","value":["DE BY 714 EG"]},{"key":"Zusatztext:","value":["Stickstoff zum Aufschlagen."]},{"key":"Kontakt:","value":["Bresso","PF 45, 1104 Wien, Österreich"]}],"nutritions":[{"key":"","value":"Unzubereitet"},{"key":" ","value":"100 g"},{"key":"Energie","value":"1025 kJ | 248 kcal"},{"key":"Fett","value":"22 g"},{"key":"Fett, davon gesättigte Fettsäuren","value":"14 g"},{"key":"Kohlenhydrate","value":"4,7 g"},{"key":"Kohlenhydrate, davon Zucker","value":"4,4 g"},{"key":"Eiweiß","value":"7,7 g"},{"key":"Salz","value":"1,2 g"},{"key":"","value":"Unzubereitet"},{"key":" ","value":"Portion (20 g)"},{"key":"Energie","value":"205 kJ | 50 kcal"},{"key":"Fett","value":"4,4 g"},{"key":"Fett, davon gesättigte Fettsäuren","value":"2,9 g"},{"key":"Kohlenhydrate","value":"0,9 g"},{"key":"Kohlenhydrate, davon Zucker","value":"0,9 g"},{"key":"Eiweiß","value":"1,5 g"},{"key":"Salz","value":"0,24 g"}],"tags":["Gekühlt","Glutenfrei"]},
    {"url":"https://www.interspar.at/shop/lebensmittel/p/7015953","data":[{"key":"price","value":"3,29 €"},{"key":"oldPrice","value":"\n\t\t\t\t\t\n\t\t\t\t\t \n\t\t\t\t"},{"key":"pricePerUnit","value":"(10.61 €/kg)"},{"key":"productDetailsName","value":"Schärdinger - Grieskirchner Butterkäse - 310 G"},{"key":"detailsDescription","value":"310 G"},{"key":"articleNumber","value":"Artikelnummer: 7015953"},{"key":"Lagerhinweis:","value":["Vor und nach dem Öffnen gekühlt (3-6°C) lagern. Nach dem Öffnen innerhalb weniger Tage verbrauchen."]},{"key":"Zutaten:","value":["Zutaten: MILCH, Speisesalz, Farbstoff: Beta-Carotin, mikrobielles Lab, Käsereikulturen. In Großbuchstaben angegebene Zutaten enthalten allergene Inhaltsstoffe."]},{"key":"Allergene:","value":["Enthält:Milch und daraus gewonnene Erzeugnisse (inkl. Laktose)"]},{"key":"","value":["Laktosefrei"]},{"key":"Identitätskennzeichen:","value":["AT 40125 EG"]},{"key":"Kontakt:","value":["Berglandmilch eGen","Schubertstraße 30, 4600 Wels, Österreich"]}],"nutritions":[{"key":"","value":"Unzubereitet"},{"key":" ","value":"100 g"},{"key":"Energie","value":"1251 kJ | 301 kcal"},{"key":"Fett","value":"23 g"},{"key":"Fett, davon gesättigte Fettsäuren","value":"15 g"},{"key":"Kohlenhydrate","value":"0 g"},{"key":"Kohlenhydrate, davon Zucker","value":"0 g"},{"key":"Eiweiß","value":"24 g"},{"key":"Salz","value":"1,3 g"}],"tags":["Gekühlt","Glutenfrei","Lactosefrei"]},
    {"url":"https://www.interspar.at/shop/lebensmittel/p/7378232","data":[{"key":"price","value":"3,19 €"},{"key":"oldPrice","value":"\n\t\t\t\t\t\n\t\t\t\t\t \n\t\t\t\t"},{"key":"pricePerUnit","value":"(17.72 €/kg)"},{"key":"productDetailsName","value":"Die Käsemacher - Frischkäse gerollt in Schinkenspeck - 180 G"},{"key":"detailsDescription","value":"180 G"},{"key":"articleNumber","value":"Artikelnummer: 7378232"},{"key":"Lagerhinweis:","value":["Ungeöffnet und gekühlt (bei +4°C bis +7°C) lagern. Nach dem Öffnen innerhalb von 3 Tagen aufbrauchen."]},{"key":"Zutaten:","value":["Zutaten: 50% Frischkäsezubereitung mind. 45% Fett i. Tr. (FRISCHKÄSE, Speisesalz, Gewürze, Verdickungsmittel: Guarkernmehl, Konservierungsstoff: Kaliumsorbat), 30% Rapsöl, 13% Schinkenspeck (Schweinefleisch, Speisesalz, Gewürze, Dextroxe, Zucker, Konservierungsstoff: E250, E252; Antioxidationsmittel: E301, Gewürzextrakte, Rauch), Paprika, Gewürze. In Großbuchstaben angegebene Zutaten enthalten allergene Inhaltsstoffe."]},{"key":"Allergene:","value":["Enthält:Milch und daraus gewonnene Erzeugnisse (inkl. Laktose)"]},{"key":"Identitätskennzeichen:","value":["AT 30209 EG"]},{"key":"Abtropfgewicht:","value":["125 g"]},{"key":"Verbrauchen nach dem Öffnen:","value":["3 Tage"]},{"key":"Kontakt:","value":["Die Käsemacher","Europastraße 5, 3902 Vitis, Österreich"]}],"nutritions":[{"key":"","value":"Unzubereitet"},{"key":" ","value":"100 g"},{"key":"Energie","value":"1402 kJ | 339 kcal"},{"key":"Fett","value":"29 g"},{"key":"Fett, davon gesättigte Fettsäuren","value":"15 g"},{"key":"Kohlenhydrate","value":"1,1 g"},{"key":"Kohlenhydrate, davon Zucker","value":"0,9 g"},{"key":"Eiweiß","value":"18 g"},{"key":"Salz","value":"2,4 g"}],"tags":["Gekühlt","Glutenfrei"]},
    {"url":"https://www.interspar.at/shop/lebensmittel/p/7432149","data":[{"key":"price","value":"0,74 €"},{"key":"oldPrice","value":"\n\t\t\t\t\t\n\t\t\t\t\tstatt 0,90 €\n\t\t\t\t"},{"key":"pricePerUnit","value":"(14.90 €/kg)"},{"key":"productDetailsName","value":"Bergbauer - Schnittkäse Weinbauernkäse - 1 KG"},{"key":"detailsDescription","value":"1 KG"},{"key":"articleNumber","value":"Artikelnummer: 7432149"},{"key":"Lagerhinweis:","value":["Gekühlt lagern."]},{"key":"Zutaten:","value":["Zutaten: pasteurisierte KUHMILCH, Salz, Kulturen, Lab, Rotwein. In Großbuchstaben angegebene Zutaten enthalten allergene Inhtaltsstoffe."]},{"key":"Allergene:","value":["Enthält:Milch und daraus gewonnene Erzeugnisse (inkl. Laktose)"]},{"key":"Ursprungsland/Herkunftsort:","value":["Österreich"]},{"key":"Kontakt:","value":["Berg Bauer - Lebensmittel GmbH","Rupert-Hagleitner-Straße 5-7, 6300 Wörgl, Österreich"]}],"nutritions":[{"key":"","value":"Unzubereitet"},{"key":" ","value":"100 g"},{"key":"Energie","value":"1560 kJ | 372 kcal"},{"key":"Fett","value":"30 g"},{"key":"Fett, davon gesättigte Fettsäuren","value":"20 g"},{"key":"Kohlenhydrate","value":"0 g"},{"key":"Kohlenhydrate, davon Zucker","value":"0 g"},{"key":"Ballaststoffe","value":"0 g"},{"key":"Eiweiß","value":"25 g"},{"key":"Salz","value":"2,4 g"}],"tags":["Gekühlt","Glutenfrei"]},
    {"url":"https://www.interspar.at/shop/lebensmittel/p/7453373","data":[{"key":"price","value":"0,99 €"},{"key":"oldPrice","value":"\n\t\t\t\t\t\n\t\t\t\t\t \n\t\t\t\t"},{"key":"pricePerUnit","value":"(7.92 €/kg)"},{"key":"productDetailsName","value":"Schärdinger - Mozzarella - 125 G"},{"key":"detailsDescription","value":"125 G"},{"key":"articleNumber","value":"Artikelnummer: 7453373"},{"key":"Lagerhinweis:","value":["Vor und nach dem Öffnen gekühlt (3-6°C) lagern. Nach dem Öffnen innerhalb weniger Tage verbrauchen."]},{"key":"Allergene:","value":["Enthält:Milch und daraus gewonnene Erzeugnisse (inkl. Laktose)"]},{"key":"","value":["Laktosefrei"]},{"key":"Identitätskennzeichen:","value":["AT 40151 EG"]},{"key":"Zusatztext:","value":["Eignet sich besonders für die italienische Küche, Salate, Pizzen und zum Überbacken."]},{"key":"Abtropfgewicht:","value":["125 g"]},{"key":"Ursprungsland/Herkunftsort:","value":["Österreich"]},{"key":"Kontakt:","value":["Berglandmilch eGen","Schubertstraße 30, 4600 Wels, Österreich"]}],"nutritions":[{"key":"","value":"Unzubereitet"},{"key":" ","value":"100 g"},{"key":"Energie","value":"1092 kJ | 263 kcal"},{"key":"Fett","value":"21 g"},{"key":"Fett, davon gesättigte Fettsäuren","value":"16 g"},{"key":"Kohlenhydrate","value":"0 g"},{"key":"Kohlenhydrate, davon Zucker","value":"0 g"},{"key":"Eiweiß","value":"18,5 g"},{"key":"Salz","value":"0,3 g"}],"tags":["Gekühlt","Glutenfrei","Lactosefrei"]},
    {"url":"https://www.interspar.at/shop/lebensmittel/p/7453410","data":[{"key":"price","value":"2,09 €"},{"key":"oldPrice","value":"\n\t\t\t\t\t\n\t\t\t\t\t \n\t\t\t\t"},{"key":"pricePerUnit","value":"(10.45 €/kg)"},{"key":"productDetailsName","value":"Schärdinger - Mozzarella Gerieben - 200 G"},{"key":"detailsDescription","value":"200 G"},{"key":"articleNumber","value":"Artikelnummer: 7453410"},{"key":"Lagerhinweis:","value":["Vor und nach dem Öffnen gekühlt (3-6°C) lagern. Nach dem Öffnen innerhalb weniger Tage verbrauchen."]},{"key":"Zutaten:","value":["Zutaten: MILCH, Maisstärke, Salz, mikrobielles Lab, Käsereikulturen. In Großbuchstaben angegebene Zutaten enthalten allergene Inhaltsstoffe."]},{"key":"Allergene:","value":["Enthält:Milch und daraus gewonnene Erzeugnisse (inkl. Laktose)"]},{"key":"","value":["Laktosefrei"]},{"key":"Identitätskennzeichen:","value":["AT 40153 EG"]},{"key":"Kontakt:","value":["Berglandmilch eGen","Schubertstraße 30, 4600 Wels, Österreich"]}],"nutritions":[{"key":"","value":"Unzubereitet"},{"key":" ","value":"100 g"},{"key":"Energie","value":"1331 kJ | 321 kcal"},{"key":"Fett","value":"25 g"},{"key":"Fett, davon gesättigte Fettsäuren","value":"16 g"},{"key":"Kohlenhydrate","value":"0,9 g"},{"key":"Kohlenhydrate, davon Zucker","value":"< 0 g"},{"key":"Eiweiß","value":"23 g"},{"key":"Salz","value":"0,8 g"}],"tags":["Gekühlt","Glutenfrei","Lactosefrei"]},
    {"url":"https://www.interspar.at/shop/lebensmittel/p/7470240","data":[{"key":"price","value":"1,12 €"},{"key":"oldPrice","value":"\n\t\t\t\t\t\n\t\t\t\t\tstatt 2,19 €\n\t\t\t\t"},{"key":"pricePerUnit","value":"(7.47 €/kg)"},{"key":"productDetailsName","value":"Schärdinger Meine Linie - 3-Käse-Aufschnitt - 150 G"},{"key":"detailsDescription","value":"150 G"},{"key":"articleNumber","value":"Artikelnummer: 7470240"},{"key":"Lagerhinweis:","value":["Vor und nach dem Öffnen gekühlt (3 - 6°C) lagern. Nach dem Öffnen innerhalb weniger Tage verbrauchen."]},{"key":"Zutaten:","value":["Zutaten: - Baronesse: MILCH, Salz, Farbstoff Beta-Carotin, mikrobielles Lab, Käsereikulturen- Goudette: MILCH, Salz, Farbstoff Beta-Carotin, mikrobielles Lab, Käsereikulturen- Joghurtkäse: MILCH, Salz, Farbstoff Beta-Carotin, Joghurtkulturen, Käsereikulturen, mikrobielles Lab. In Großbuchstaben angegebene Zutaten enthalten allergene Inhaltsstoffe."]},{"key":"Allergene:","value":["Enthält:Milch und daraus gewonnene Erzeugnisse (inkl. Laktose)"]},{"key":"","value":["Laktosefrei"]},{"key":"Identitätskennzeichen:","value":["AT 40153 EG"]},{"key":"Kontakt:","value":["Berglandmilch eGen","Schubertstraße 30, 4600 Wels, Österreich"]}],"nutritions":[{"key":"","value":"Unzubereitet"},{"key":" ","value":"100 g"},{"key":"Energie","value":"1042 kJ | 249 kcal"},{"key":"Fett","value":"13 g"},{"key":"Fett, davon gesättigte Fettsäuren","value":"9 g"},{"key":"Kohlenhydrate","value":"0 g"},{"key":"Kohlenhydrate, davon Zucker","value":"0 g"},{"key":"Eiweiß","value":"33 g"},{"key":"Salz","value":"1,3 g"},{"key":"","value":"Unzubereitet"},{"key":" ","value":"100 g"},{"key":"Energie","value":"874 kJ | 208 kcal"},{"key":"Fett","value":"8 g"},{"key":"Fett, davon gesättigte Fettsäuren","value":"5 g"},{"key":"Kohlenhydrate","value":"0 g"},{"key":"Kohlenhydrate, davon Zucker","value":"0 g"},{"key":"Eiweiß","value":"34 g"},{"key":"Salz","value":"1,3 g"},{"key":"","value":"Unzubereitet"},{"key":" ","value":"100 g"},{"key":"Energie","value":"1059 kJ | 253 kcal"},{"key":"Fett","value":"13 g"},{"key":"Fett, davon gesättigte Fettsäuren","value":"9 g"},{"key":"Kohlenhydrate","value":"0 g"},{"key":"Kohlenhydrate, davon Zucker","value":"0 g"},{"key":"Eiweiß","value":"34 g"},{"key":"Salz","value":"1,3 g"}],"tags":["Gekühlt","Glutenfrei","Lactosefrei"]},
    {"url":"https://www.interspar.at/shop/lebensmittel/p/7470288","data":[{"key":"price","value":"1,12 €"},{"key":"oldPrice","value":"\n\t\t\t\t\t\n\t\t\t\t\tstatt 2,19 €\n\t\t\t\t"},{"key":"pricePerUnit","value":"(7.47 €/kg)"},{"key":"productDetailsName","value":"Schärdinger - 3-Käse-Aufschnitt - 150 G"},{"key":"detailsDescription","value":"150 G"},{"key":"articleNumber","value":"Artikelnummer: 7470288"},{"key":"Lagerhinweis:","value":["Gekühlt lagern."]},{"key":"Allergene:","value":["Enthält:Milch und daraus gewonnene Erzeugnisse (inkl. Laktose)"]},{"key":"","value":["Laktosefrei"]},{"key":"Identitätskennzeichen:","value":["AT 40153 EG"]},{"key":"Kontakt:","value":["Berglandmilch","Schubertstraße 30, A-4600 Wels"]}],"nutritions":[{"key":"","value":"Unzubereitet"},{"key":" ","value":"100 g"},{"key":"Energie","value":"1438 kJ | 346 kcal"},{"key":"Fett","value":"26 g"},{"key":"Fett, davon gesättigte Fettsäuren","value":"17 g"},{"key":"Kohlenhydrate","value":"0 g"},{"key":"Kohlenhydrate, davon Zucker","value":"0 g"},{"key":"Eiweiß","value":"28 g"},{"key":"Salz","value":"1,3 g"},{"key":"","value":"Unzubereitet"},{"key":" ","value":"100 g"},{"key":"Energie","value":"1404 kJ | 338 kcal"},{"key":"Fett","value":"26 g"},{"key":"Fett, davon gesättigte Fettsäuren","value":"17 g"},{"key":"Kohlenhydrate","value":"0 g"},{"key":"Kohlenhydrate, davon Zucker","value":"0 g"},{"key":"Eiweiß","value":"26 g"},{"key":"Salz","value":"1,3 g"},{"key":"","value":"Unzubereitet"},{"key":" ","value":"100 g"},{"key":"Energie","value":"1438 kJ | 346 kcal"},{"key":"Fett","value":"26 g"},{"key":"Fett, davon gesättigte Fettsäuren","value":"17 g"},{"key":"Kohlenhydrate","value":"0 g"},{"key":"Kohlenhydrate, davon Zucker","value":"0 g"},{"key":"Eiweiß","value":"28 g"},{"key":"Salz","value":"1 g"}],"tags":["Gekühlt","Glutenfrei","Lactosefrei"]},
    {"url":"https://www.interspar.at/shop/lebensmittel/p/751759","data":[{"key":"price","value":"2,39 €"},{"key":"oldPrice","value":"\n\t\t\t\t\t\n\t\t\t\t\t \n\t\t\t\t"},{"key":"pricePerUnit","value":"(9.56 €/kg)"},{"key":"productDetailsName","value":"Schärdinger - Geheimratskäse - 250 G"},{"key":"detailsDescription","value":"250 G"},{"key":"articleNumber","value":"Artikelnummer: 751759"},{"key":"Lagerhinweis:","value":["Vor und nach dem Öffnen gekühlt (3-6°C) lagern. Nach dem Öffnen alsbald verbrauchen."]},{"key":"Zutaten:","value":["Zutaten: MILCH, Salz, Farbstoff Beta-Carotin, mikrobielles Lab, Käsereikulturen. In Großbuchstaben angegebene Zutaten enthalten allergene Inhaltsstoffe."]},{"key":"Allergene:","value":["Enthält:Milch und daraus gewonnene Erzeugnisse (inkl. Laktose)"]},{"key":"","value":["Laktosefrei"]},{"key":"Identitätskennzeichen:","value":["AT 40125 EG"]},{"key":"Kontakt:","value":["Berglandmilch eGen","Schubertstraße 30, 4600 Wels, Österreich"]}],"nutritions":[{"key":"","value":"Unzubereitet"},{"key":" ","value":"100 g"},{"key":"Energie","value":"1350 kJ | 325 kcal"},{"key":"Fett","value":"25 g"},{"key":"Fett, davon gesättigte Fettsäuren","value":"16 g"},{"key":"Kohlenhydrate","value":"0 g"},{"key":"Kohlenhydrate, davon Zucker","value":"0 g"},{"key":"Ballaststoffe","value":"0 g"},{"key":"Eiweiß","value":"25 g"},{"key":"Salz","value":"1,5 g"}],"tags":["Glutenfrei","Lactosefrei"]},
    {"url":"https://www.interspar.at/shop/lebensmittel/p/7689345","data":[{"key":"price","value":"1,29 €"},{"key":"oldPrice","value":"\n\t\t\t\t\t\n\t\t\t\t\tstatt 1,89 €\n\t\t\t\t"},{"key":"pricePerUnit","value":"(8.60 €/kg)"},{"key":"productDetailsName","value":"Schärdinger - Quargel Natur - 150 G"},{"key":"detailsDescription","value":"150 G"},{"key":"articleNumber","value":"Artikelnummer: 7689345"},{"key":"Lagerhinweis:","value":["Vor und nach dem Öffnen gekühlt (3-6°C) lagern. Nach dem Öffnen innerhalb weniger Tage verbrauchen."]},{"key":"Zutaten:","value":["Zutaten: SAUERMILCHTOPFEN, Salz, Säureregulatoren: Natriumhydrogencarbonat, Calciumcarbonat, Käsereikulturen. In Großbuchstaben angegebene Zutaten enthalten allergene Inhaltsstoffe."]},{"key":"Allergene:","value":["Enthält:Milch und daraus gewonnene Erzeugnisse (inkl. Laktose)"]},{"key":"","value":["Laktosefrei"]},{"key":"Identitätskennzeichen:","value":["AT 40133 EG"]},{"key":"Zusatztext:","value":["Bei diesem Produkt kann es rohstoffbedingt zu einem weißen Milchschimmelbelag kommen. Dieser ist essbar und keine Qualitätseinschränkung"]},{"key":"Kontakt:","value":["Berglandmilch eGen","Schubertstraße 30, 4600 Wels, Österreich"]}],"nutritions":[{"key":"","value":"Unzubereitet"},{"key":" ","value":"100 g"},{"key":"Energie","value":"521 kJ | 123 kcal"},{"key":"Fett","value":"0,3 g"},{"key":"Fett, davon gesättigte Fettsäuren","value":"0,2 g"},{"key":"Kohlenhydrate","value":"0 g"},{"key":"Kohlenhydrate, davon Zucker","value":"0 g"},{"key":"Eiweiß","value":"30 g"},{"key":"Salz","value":"3,8 g"}],"tags":["Gekühlt","Lactosefrei"]},
    {"url":"https://www.interspar.at/shop/lebensmittel/p/7689383","data":[{"key":"price","value":"1,29 €"},{"key":"oldPrice","value":"\n\t\t\t\t\t\n\t\t\t\t\tstatt 1,89 €\n\t\t\t\t"},{"key":"pricePerUnit","value":"(8.60 €/kg)"},{"key":"productDetailsName","value":"Schärdinger - Quargel Paprika - 150 G"},{"key":"detailsDescription","value":"150 G"},{"key":"articleNumber","value":"Artikelnummer: 7689383"},{"key":"Lagerhinweis:","value":["Vor und nach dem Öffnen gekühlt (3-6°C) lagern. Nach dem Öffnen innerhalb weniger Tage verbrauchen."]},{"key":"Zutaten:","value":["Zutaten: SAUERMILCHTOPFEN, Salz, Säureregulatoren: Natriumhydrogencarbonat, Calciumcarbonat; Paprikapulver, Käsereikulturen. In Großbuchstaben angegebene Zutaten enthalten allergene Inhaltsstoffe."]},{"key":"Allergene:","value":["Enthält:Milch und daraus gewonnene Erzeugnisse (inkl. Laktose)"]},{"key":"","value":["Laktosefrei"]},{"key":"Identitätskennzeichen:","value":["AT 40133 EG"]},{"key":"Zusatztext:","value":["Bei diesem Produkt kann es rohstoffbedingt zu einem weißen Milchschimmelbelag kommen. Dieser ist essbar und keine Qualitätseinschränkung"]},{"key":"Kontakt:","value":["Berglandmilch eGen","Schubertstraße 30, 4600 Wels, Österreich"]}],"nutritions":[{"key":"","value":"Unzubereitet"},{"key":" ","value":"100 g"},{"key":"Energie","value":"521 kJ | 123 kcal"},{"key":"Fett","value":"0,3 g"},{"key":"Fett, davon gesättigte Fettsäuren","value":"0,2 g"},{"key":"Kohlenhydrate","value":"0 g"},{"key":"Kohlenhydrate, davon Zucker","value":"0 g"},{"key":"Eiweiß","value":"30 g"},{"key":"Salz","value":"3,8 g"}],"tags":["Gekühlt","Lactosefrei"]},
    {"url":"https://www.interspar.at/shop/lebensmittel/p/7702396","data":[{"key":"price","value":"2,69 €"},{"key":"oldPrice","value":"\n\t\t\t\t\t\n\t\t\t\t\t \n\t\t\t\t"},{"key":"pricePerUnit","value":"(17.93 €/kg)"},{"key":"productDetailsName","value":"Patros - mit Hirtenkräuter - 150 G"},{"key":"detailsDescription","value":"150 G"},{"key":"articleNumber","value":"Artikelnummer: 7702396"},{"key":"Lagerhinweis:","value":["Bitte verzehren Sie es nach dem Öffnen innerhalb von 3 Tagen. Bei +4 bis +8° C lagern."]},{"key":"Zutaten:","value":["Zutaten: MILCH, Salz, mikrobielles Lab, Kulturen, Kräuter, Gewürze. In Großbuchstaben angegebene Zutaten enthalten allergene Inhaltsstoffe."]},{"key":"Allergene:","value":["Enthält:Milch und daraus gewonnene Erzeugnisse (inkl. Laktose)"]},{"key":"Identitätskennzeichen:","value":["DE BY 13022 EG"]},{"key":"Verbrauchen nach dem Öffnen:","value":["3 Tage"]},{"key":"Kontakt:","value":["Patros","Kemptener Straße 17, 88178 Heimenkirch, Deutschland"]}],"nutritions":[{"key":"","value":"Unzubereitet"},{"key":" ","value":"100 g"},{"key":"Energie","value":"1153 kJ | 278 kcal"},{"key":"Fett","value":"24 g"},{"key":"Fett, davon gesättigte Fettsäuren","value":"17 g"},{"key":"Kohlenhydrate","value":"0,6 g"},{"key":"Kohlenhydrate, davon Zucker","value":"0,6 g"},{"key":"Ballaststoffe","value":"< 0,1 g"},{"key":"Eiweiß","value":"15 g"},{"key":"Salz","value":"3 g"}],"tags":["Gekühlt","Glutenfrei"]},
    {"url":"https://www.interspar.at/shop/lebensmittel/p/7707827","data":[{"key":"price","value":"0,74 €"},{"key":"oldPrice","value":"\n\t\t\t\t\t\n\t\t\t\t\t \n\t\t\t\t"},{"key":"pricePerUnit","value":"(14.90 €/kg)"},{"key":"productDetailsName","value":"Schärdinger - Bergbaron - 1 KG"},{"key":"detailsDescription","value":"1 KG"},{"key":"articleNumber","value":"Artikelnummer: 7707827"},{"key":"Lagerhinweis:","value":["Vor und nach dem Öffnen gekühlt (3°-6°C) lagern. Nach dem Öffnen innerhalb weniger Tage verbrauchen."]},{"key":"Zutaten:","value":["Zutaten: MILCH, Salz, Farbstoff: Beta-Carotin, mikrobielles Lab, Käsereikulturen. In Großbuchstaben angegebene Zutaten enthalten allergene Inhaltsstoffe."]},{"key":"Allergene:","value":["Enthält:Milch und daraus gewonnene Erzeugnisse (inkl. Laktose)"]},{"key":"Identitätskennzeichen:","value":["AT 40151 EG"]},{"key":"Ursprungsland/Herkunftsort:","value":["Österreich"]},{"key":"Kontakt:","value":["Berglandmilch eGen","Schubertstraße 30, 4600 Wels, Österreich"]}],"nutritions":[{"key":"","value":"Unzubereitet"},{"key":" ","value":"100 g"},{"key":"Energie","value":"1438 kJ | 346 kcal"},{"key":"Fett","value":"26 g"},{"key":"Fett, davon gesättigte Fettsäuren","value":"17 g"},{"key":"Kohlenhydrate","value":"0 g"},{"key":"Kohlenhydrate, davon Zucker","value":"0 g"},{"key":"Ballaststoffe","value":"0 g"},{"key":"Eiweiß","value":"28 g"},{"key":"Salz","value":"1,3 g"}],"tags":["Gekühlt","Glutenfrei","Lactosefrei"]},
    {"url":"https://www.interspar.at/shop/lebensmittel/p/7713156","data":[{"key":"price","value":"0,80 €"},{"key":"oldPrice","value":"\n\t\t\t\t\t\n\t\t\t\t\t \n\t\t\t\t"},{"key":"pricePerUnit","value":"(15.90 €/kg)"},{"key":"productDetailsName","value":"Schärdinger - Dachsteiner - 1 KG"},{"key":"detailsDescription","value":"1 KG"},{"key":"articleNumber","value":"Artikelnummer: 7713156"},{"key":"Lagerhinweis:","value":["Vor und nach dem Öffnen gekühlt (3-6°C) lagern. Nach dem Öffnen innerhalb weniger Tage verbrauchen."]},{"key":"Zutaten:","value":["Zutaten: MILCH, Salz, tierisches Lab, Festigungsmittel Calciumchlorid, Käsereikulturen. In Großbuchstaben angegebene Zutaten enthalten allergene Inhaltsstoffe."]},{"key":"Allergene:","value":["Enthält:Milch und daraus gewonnene Erzeugnisse (inkl. Laktose)"]},{"key":"Identitätskennzeichen:","value":["AT 40153 EG"]},{"key":"Ursprungsland/Herkunftsort:","value":["Österreich"]},{"key":"Kontakt:","value":["Berglandmilch eGen","Schubertstraße 30, 4600 Wels, Österreich"]}],"nutritions":[{"key":"","value":"Unzubereitet"},{"key":" ","value":"100 g"},{"key":"Energie","value":"1475 kJ | 355 kcal"},{"key":"Fett","value":"27 g"},{"key":"Fett, davon gesättigte Fettsäuren","value":"17 g"},{"key":"Kohlenhydrate","value":"17 g"},{"key":"Kohlenhydrate, davon Zucker","value":"0 g"},{"key":"Ballaststoffe","value":"0 g"},{"key":"Eiweiß","value":"28 g"},{"key":"Salz","value":"1,8 g"}],"tags":["Gekühlt","Glutenfrei","Lactosefrei"]},
    {"url":"https://www.interspar.at/shop/lebensmittel/p/7990328","data":[{"key":"price","value":"1,12 €"},{"key":"oldPrice","value":"\n\t\t\t\t\t\n\t\t\t\t\tstatt 2,19 €\n\t\t\t\t"},{"key":"pricePerUnit","value":"(7.47 €/kg)"},{"key":"productDetailsName","value":"Schärdinger - Bergkäse in hauchdünnen Scheiben - 150 G"},{"key":"detailsDescription","value":"150 G"},{"key":"articleNumber","value":"Artikelnummer: 7990328"},{"key":"Lagerhinweis:","value":["Vor und nach dem Öffnen gekühlt (3-6°C) lagern. Nach dem Öffnen innerhalb weniger Tage verbrauchen."]},{"key":"Allergene:","value":["Enthält:Milch und daraus gewonnene Erzeugnisse (inkl. Laktose)"]},{"key":"","value":["Laktosefrei"]},{"key":"Identitätskennzeichen:","value":["AT 40153 EG"]},{"key":"Kontakt:","value":["Berglandmilch eGen","Schubertstraße 30, 4600 Wels, Österreich"]}],"nutritions":[{"key":"","value":"Unzubereitet"},{"key":" ","value":"100 g"},{"key":"Energie","value":"1643 kJ | 396 kcal"},{"key":"Fett","value":"32 g"},{"key":"Fett, davon gesättigte Fettsäuren","value":"21 g"},{"key":"Kohlenhydrate","value":"0 g"},{"key":"Kohlenhydrate, davon Zucker","value":"0 g"},{"key":"Eiweiß","value":"27 g"},{"key":"Salz","value":"1,8 g"}],"tags":["Gekühlt","Lactosefrei"]},
    {"url":"https://www.interspar.at/shop/lebensmittel/p/7990366","data":[{"key":"price","value":"1,12 €"},{"key":"oldPrice","value":"\n\t\t\t\t\t\n\t\t\t\t\tstatt 2,19 €\n\t\t\t\t"},{"key":"pricePerUnit","value":"(7.47 €/kg)"},{"key":"productDetailsName","value":"Schärdinger - Moosbacher in Scheiben - 150 G"},{"key":"detailsDescription","value":"150 G"},{"key":"articleNumber","value":"Artikelnummer: 7990366"},{"key":"Lagerhinweis:","value":["Vor und nach dem Öffnen gekühlt (3-6° C) lagern. Nach dem Öffnen innerhalb weniger Tage verbrauchen."]},{"key":"Zutaten:","value":["Zutaten: MILCH, Salz, Farbstoff Beta-Carotin, mikrobielles Lab, Käsereikulturen. In Großbuchstaben angegebene Zutaten enthalten allergene Inhaltsstoffe."]},{"key":"Allergene:","value":["Enthält:Milch und daraus gewonnene Erzeugnisse (inkl. Laktose)"]},{"key":"","value":["Laktosefrei"]},{"key":"Identitätskennzeichen:","value":["AT 40153 EG"]},{"key":"Kontakt:","value":["Berglandmilch eGen","Schubertstraße 30, 4600 Wels, Österreich"]}],"nutritions":[{"key":"","value":"Unzubereitet"},{"key":" ","value":"100 g"},{"key":"Energie","value":"1381 kJ | 332 kcal"},{"key":"Fett","value":"24 g"},{"key":"Fett, davon gesättigte Fettsäuren","value":"15 g"},{"key":"Kohlenhydrate","value":"0 g"},{"key":"Kohlenhydrate, davon Zucker","value":"0 g"},{"key":"Eiweiß","value":"29 g"},{"key":"Salz","value":"1,8 g"}],"tags":["Gekühlt","Lactosefrei"]},
    {"url":"https://www.interspar.at/shop/lebensmittel/p/7990526","data":[{"key":"price","value":"1,12 €"},{"key":"oldPrice","value":"\n\t\t\t\t\t\n\t\t\t\t\tstatt 2,19 €\n\t\t\t\t"},{"key":"pricePerUnit","value":"(7.47 €/kg)"},{"key":"productDetailsName","value":"Schärdinger - Butterkäse in Scheiben - 150 G"},{"key":"detailsDescription","value":"150 G"},{"key":"articleNumber","value":"Artikelnummer: 7990526"},{"key":"Lagerhinweis:","value":["Vor und nach dem Öffnen gekühlt (3-6°C) lagern. Nach dem Öffnen innerhalb weniger Tage verbrauchen."]},{"key":"Zutaten:","value":["Zutaten: MILCH, Salz, Farbstoff: Beta-Carotin, mikrobielles Lab, Käsereikulturen. In Großbuchstaben angegebene Zutaten enthalten allergene Inhaltsstoffe."]},{"key":"Allergene:","value":["Enthält:Milch und daraus gewonnene Erzeugnisse (inkl. Laktose)"]},{"key":"","value":["Laktosefrei"]},{"key":"Identitätskennzeichen:","value":["AT 40153 EG"]},{"key":"Kontakt:","value":["Berglandmilch eGen","Schubertstraße 30, 4600 Wels, Österreich"]}],"nutritions":[{"key":"","value":"Unzubereitet"},{"key":" ","value":"100 g"},{"key":"Energie","value":"1251 kJ | 301 kcal"},{"key":"Fett","value":"23 g"},{"key":"Fett, davon gesättigte Fettsäuren","value":"15 g"},{"key":"Kohlenhydrate","value":"0 g"},{"key":"Kohlenhydrate, davon Zucker","value":"0 g"},{"key":"Eiweiß","value":"24 g"},{"key":"Salz","value":"1,3 g"}],"tags":["Gekühlt","Lactosefrei"]},
    {"url":"https://www.interspar.at/shop/lebensmittel/p/980067","data":[{"key":"price","value":"5,79 €"},{"key":"oldPrice","value":"\n\t\t\t\t\t\n\t\t\t\t\t \n\t\t\t\t"},{"key":"pricePerUnit","value":"(11.58 €/kg)"},{"key":"productDetailsName","value":"Schärdinger - Mondseer - 500 G"},{"key":"detailsDescription","value":"500 G"},{"key":"articleNumber","value":"Artikelnummer: 980067"},{"key":"Lagerhinweis:","value":["Vor und nach dem Öffnen gekühlt (3-6° C) lagern. Nach dem Öffnen alsbald verbrauchen."]},{"key":"Zutaten:","value":["Zutaten: MILCH, Speisesalz, mikrobielles Lab, Käsereikulturen, Farbstoffe Beta-Carotin, Annatto. In Großbuchstaben angegebene Zutaten enthalten allergene Inhaltsstoffe."]},{"key":"Allergene:","value":["Enthält:Milch und daraus gewonnene Erzeugnisse (inkl. Laktose)"]},{"key":"","value":["Laktosefrei"]},{"key":"Identitätskennzeichen:","value":["AT 60149 EG"]},{"key":"Kontakt:","value":["Berglandmilch eGen","Schubertstraße 30, 4600 Wels, Österreich"]}],"nutritions":[{"key":"","value":"Unzubereitet"},{"key":" ","value":"100 g"},{"key":"Energie","value":"329 kJ | 1367 kcal"},{"key":"Fett","value":"25 g"},{"key":"Fett, davon gesättigte Fettsäuren","value":"16 g"},{"key":"Kohlenhydrate","value":"0 g"},{"key":"Kohlenhydrate, davon Zucker","value":"0 g"},{"key":"Eiweiß","value":"26 g"},{"key":"Salz","value":"1,8 g"}],"tags":["Glutenfrei","Lactosefrei"]},
    {"url":"https://www.interspar.at/shop/lebensmittel/p/2020000580362","data":[{"key":"price","value":"1,51 €"},{"key":"oldPrice","value":"\n\t\t\t\t\t\n\t\t\t\t\t \n\t\t\t\t"},{"key":"pricePerUnit","value":"(8.63 €/kg)"},{"key":"productDetailsName","value":"Philadelphia Balance - Getrocknete Tomate - 175 G"},{"key":"detailsDescription","value":"175 G"},{"key":"articleNumber","value":"Artikelnummer: 2020000580362"},{"key":"Lagerhinweis:","value":["Gekühlt lagern."]},{"key":"Zutaten:","value":["Zutaten: FRISCHKÄSE (69%), Molkenerzeugnisse (aus MILCH), getrocknete Tomaten (8%), Speisesalz, Sonnenblumenöl, Verdickungsmittel: Johannisbrotkernmehl, Carrageen; Zucker, modifizierte Stärke, Knoblauch, Zwiebeln, Aromen, Säuerungsmittel: Citronensäure, Milchsäure; Kräuter. In Großbuchstaben angegebene Zutaten enthalten allergene Inhaltsstoffe."]},{"key":"Allergene:","value":["Enthält:Milch und daraus gewonnene Erzeugnisse (inkl. Laktose)"]},{"key":"","value":["Fettreduziert: Mindestens 40% weniger Fett als Philadelphia Doppelrahmstufe"]},{"key":"Identitätskennzeichen:","value":["DE NI 12060 EG"]},{"key":"Zusatztext:","value":["Für Vegetarier geeignet."]},{"key":"Kontakt:","value":["Mondelez Österreich GmbH","Jacobsgasse 3, 1140 Wien, Österreich"]}],"nutritions":[{"key":"","value":"Unzubereitet"},{"key":" ","value":"100 g"},{"key":"Energie","value":"604 kJ | 145 kcal"},{"key":"Fett","value":"10 g"},{"key":"Fett, davon gesättigte Fettsäuren","value":"6,2 g"},{"key":"Kohlenhydrate","value":"6 g"},{"key":"Kohlenhydrate, davon Zucker","value":"5,7 g"},{"key":"Ballaststoffe","value":"0,8 g"},{"key":"Eiweiß","value":"6,7 g"},{"key":"Salz","value":"1,15 g"},{"key":"","value":"Unzubereitet"},{"key":" ","value":"Portion (30 g)"},{"key":"Energie","value":"181 kJ | 44 kcal | 2 %"},{"key":"Fett","value":"3 g | 4 %"},{"key":"Fett, davon gesättigte Fettsäuren","value":"1,9 g | 10 %"},{"key":"Kohlenhydrate","value":"1,8 g | 1 %"},{"key":"Kohlenhydrate, davon Zucker","value":"1,7 g | 2 %"},{"key":"Ballaststoffe","value":"0,2 g"},{"key":"Eiweiß","value":"2 g | 4 %"},{"key":"Salz","value":"0,35 g | 6 %"}],"tags":["Gekühlt"]},
    {"url":"https://www.interspar.at/shop/lebensmittel/p/2020001110780","data":[{"key":"price","value":"1,99 €"},{"key":"oldPrice","value":"\n\t\t\t\t\t\n\t\t\t\t\t \n\t\t\t\t"},{"key":"pricePerUnit","value":"(13.27 €/kg)"},{"key":"productDetailsName","value":"Bresso - Frischkäse Olive & Rosmarin - 150 G"},{"key":"detailsDescription","value":"150 G"},{"key":"articleNumber","value":"Artikelnummer: 2020001110780"},{"key":"Lagerhinweis:","value":["Gekühlt lagern."]},{"key":"Zutaten:","value":["Zutaten: FRISCHKÄSE, CREME FRAICH, BUTTER, Oliven grün, schwarz (8,2%), Wasser, Rosmarin, Säuerungsmittel: Zitronensaft; Salz, Zucker, Stärke, Speisegelatine, Verdickungsmittel: E466. Mit Stickstoff aufgeschlagen. In Großbuchstaben angegebene Zutaten enthalten allergene Inhaltsstoffe."]},{"key":"Allergene:","value":["Enthält:Milch und daraus gewonnene Erzeugnisse (inkl. Laktose)"]},{"key":"Identitätskennzeichen:","value":["DE BY 714 EG"]},{"key":"Kontakt:","value":["Bresso","PF 45, 1104 Wien, Österreich"]}],"nutritions":[{"key":"","value":"Zubereitet"},{"key":" ","value":"100 g"},{"key":"Energie","value":"807 kJ | 215 kcal"},{"key":"Fett","value":"20 g"},{"key":"Fett, davon gesättigte Fettsäuren","value":"13 g"},{"key":"Kohlenhydrate","value":"2,5 g"},{"key":"Kohlenhydrate, davon Zucker","value":"2,2 g"},{"key":"Eiweiß","value":"6,2 g"},{"key":"Salz","value":"1,3 g"},{"key":"Energie","value":"161 kJ | 43 kcal"},{"key":"Fett","value":"4 g"},{"key":"Fett, davon gesättigte Fettsäuren","value":"2,6 g"},{"key":"Kohlenhydrate","value":"0,5 g"},{"key":"Kohlenhydrate, davon Zucker","value":"1,2 g"},{"key":"Eiweiß","value":"1,2 g"},{"key":"Salz","value":"0,26 g"}],"tags":["Gekühlt"]},
    {"url":"https://www.interspar.at/shop/lebensmittel/p/2020001462940","data":[{"key":"price","value":"1,55 €"},{"key":"oldPrice","value":"\n\t\t\t\t\t\n\t\t\t\t\t \n\t\t\t\t"},{"key":"pricePerUnit","value":"(7.75 €/kg)"},{"key":"productDetailsName","value":"Schärdinger - Landfrischkäse Kürbis-Ingwer - 200 G"},{"key":"detailsDescription","value":"200 G"},{"key":"articleNumber","value":"Artikelnummer: 2020001462940"},{"key":"Lagerhinweis:","value":["Vor und nach dem Öffnen gekühlt (3-6 °C) lagern. Nach dem Öffnen innerhalb weniger Tage verbrauchen."]},{"key":"Zutaten:","value":["Zutaten: COTTAGE CHEESE, Wasser, 5,3% Kürbispüree, Zucker, modifizierte Stärke, Kürbiskernöl, Ingwerpulver, Curcuma, Stabilisator Pektin, Säureregulator Citronensäure, natürliches Aroma. In Großbuchstaben angegebene Zutaten enthalten allergene Inhaltsstoffe."]},{"key":"Allergene:","value":["Enthält:Milch und daraus gewonnene Erzeugnisse (inkl. Laktose)"]},{"key":"","value":["Hoher Proteingehalt"]},{"key":"Identitätskennzeichen:","value":["AT 40157 EG"]},{"key":"Zusatzinformation:","value":["Landfrischkäse ist von Natur aus reich an wertvollem Eiweiß. Eiweiß unterstützt den Muskelaufbau und trägt zur Erhaltung der Muskelmasse bei."]},{"key":"Kontakt:","value":["Berglandmilch eGen","Schubertstraße 30, 4600 Wels, Österreich"]}],"nutritions":[{"key":"","value":"Unzubereitet"},{"key":" ","value":"100 g"},{"key":"Energie","value":"438 kJ | 104 kcal"},{"key":"Fett","value":"4 g"},{"key":"Fett, davon gesättigte Fettsäuren","value":"2,5 g"},{"key":"Kohlenhydrate","value":"6,2 g"},{"key":"Kohlenhydrate, davon Zucker","value":"5,8 g"},{"key":"Eiweiß","value":"11 g"},{"key":"Salz","value":"0,55 g"}],"tags":["Gekühlt"]},
    {"url":"https://www.interspar.at/shop/lebensmittel/p/2340173","data":[{"key":"price","value":"2,19 €"},{"key":"oldPrice","value":"\n\t\t\t\t\t\n\t\t\t\t\t \n\t\t\t\t"},{"key":"pricePerUnit","value":"(16.22 €/kg)"},{"key":"productDetailsName","value":"Patros - Genießerwürfel Kräuter - 135 G"},{"key":"detailsDescription","value":"135 G"},{"key":"articleNumber","value":"Artikelnummer: 2340173"},{"key":"Lagerhinweis:","value":["Bei + 4°C - + 8°C lagern. Nach dem Öffnen alsbald verzehren."]},{"key":"Zutaten:","value":["Zutaten: 95% KÄSE in Salzlake gereift (52% Fett i. Tr.), 2% mediterrane Kräuter (Basilikum, Oregano, Rosmarin, Thymian), Speisesalz, Knoblauch, Antioxidationsmittel Natriumascorbat. In Großbuchstaben angegebene Zutaten enthalten allergene Inhaltsstoffe."]},{"key":"Allergene:","value":["Enthält:Milch und daraus gewonnene Erzeugnisse (inkl. Laktose)"]},{"key":"Identitätskennzeichen:","value":["DE BY 13022 EG"]},{"key":"Kontakt:","value":["Hochland Deutschland GmbH","Kemptener Straße 17, 88178 Heimenkirch, Deutschland"]}],"nutritions":[{"key":"","value":"Unzubereitet"},{"key":" ","value":"100 g"},{"key":"Energie","value":"1155 kJ | 279 kcal"},{"key":"Fett","value":"24 g"},{"key":"Fett, davon gesättigte Fettsäuren","value":"15,9 g"},{"key":"Kohlenhydrate","value":"0,7 g"},{"key":"Kohlenhydrate, davon Zucker","value":"0,7 g"},{"key":"Ballaststoffe","value":"< 0,1 g"},{"key":"Eiweiß","value":"15 g"},{"key":"Salz","value":"3 g"}],"tags":["Gekühlt"]},
    {"url":"https://www.interspar.at/shop/lebensmittel/p/2340227","data":[{"key":"price","value":"2,19 €"},{"key":"oldPrice","value":"\n\t\t\t\t\t\n\t\t\t\t\t \n\t\t\t\t"},{"key":"pricePerUnit","value":"(16.22 €/kg)"},{"key":"productDetailsName","value":"Patros - Geniesserwürfel Tomate Basilikum - 135 G"},{"key":"detailsDescription","value":"135 G"},{"key":"articleNumber","value":"Artikelnummer: 2340227"},{"key":"Lagerhinweis:","value":["Bei +4°C - +8°C lagern. Nach dem Öffnen alsbald verzehren."]},{"key":"Zutaten:","value":["Zutaten: 95% KÄSE in Salzlake gereift (52% Fett i. Tr.), 1,6% Basilikum, 1%Tomaten, Speisesalz, Knoblauch, Antioxidationsmittel Natriumascorbat. In Großbuchstaben angegebene Zutaten enthalten allergene Inhaltsstoffe."]},{"key":"Allergene:","value":["Enthält:Milch und daraus gewonnene Erzeugnisse (inkl. Laktose)"]},{"key":"Identitätskennzeichen:","value":["DE BY 13022 EG"]},{"key":"Kontakt:","value":["Hochland Deutschland GmbH","Kemptener Straße 17, 88178 Heimenkirch, Deutschland"]}],"nutritions":[{"key":"","value":"Unzubereitet"},{"key":" ","value":"100 g"},{"key":"Energie","value":"1155 kJ | 279 kcal"},{"key":"Fett","value":"24 g"},{"key":"Fett, davon gesättigte Fettsäuren","value":"15,9 g"},{"key":"Kohlenhydrate","value":"0,7 g"},{"key":"Kohlenhydrate, davon Zucker","value":"0,7 g"},{"key":"Ballaststoffe","value":"< 0,1 g"},{"key":"Eiweiß","value":"15 g"},{"key":"Salz","value":"3 g"}],"tags":["Gekühlt"]},
    {"url":"https://www.interspar.at/shop/lebensmittel/p/3570258","data":[{"key":"price","value":"1,39 €"},{"key":"oldPrice","value":"\n\t\t\t\t\t\n\t\t\t\t\t \n\t\t\t\t"},{"key":"pricePerUnit","value":"(6.95 €/kg)"},{"key":"productDetailsName","value":"Exquisa - Joghurt - 200 G"},{"key":"detailsDescription","value":"200 G"},{"key":"articleNumber","value":"Artikelnummer: 3570258"},{"key":"Lagerhinweis:","value":["Vor und nach dem Öffnen bei +6 bis +8°C lagern. Nach dem Öffnen alsbald verzehren."]},{"key":"Zutaten:","value":["Zutaten: FRISCHKÄSE, 40% JOGHURT (aus entrahmter MILCH), MILCHEIWEISS, Speisesalz, Verdickungsmittel: Johannisbrotkernmehl, Carrageen. In Großbuchstaben angegebene Zutaten enthalten allergene Inhaltsstoffe."]},{"key":"Allergene:","value":["Enthält:Milch und daraus gewonnene Erzeugnisse (inkl. Laktose)"]},{"key":"","value":["Ohne Zusatz von KonservierungsstoffenOhne Farbstoffe"]},{"key":"","value":["Frei von Aromen"]},{"key":"Identitätskennzeichen:","value":["DE BY 706 EG"]},{"key":"Zusatztext:","value":["Frischkäse mit Joghurt 14% Fett"]},{"key":"Ursprungsland/Herkunftsort:","value":["Deutschland"]},{"key":"Kontakt:","value":["Karwendel","Karwendelstraße 6-16, 86802 Buchloe, Deutschland"]}],"nutritions":[{"key":"","value":"Unzubereitet"},{"key":" ","value":"100 g"},{"key":"Energie","value":"700 kJ | 169 kcal"},{"key":"Fett","value":"14 g"},{"key":"Fett, davon gesättigte Fettsäuren","value":"9,8 g"},{"key":"Kohlenhydrate","value":"3,5 g"},{"key":"Kohlenhydrate, davon Zucker","value":"3,5 g"},{"key":"Eiweiß","value":"7 g"},{"key":"Salz","value":"0,75 g"}],"tags":["Glutenfrei"]},
    {"url":"https://www.interspar.at/shop/lebensmittel/p/4045519","data":[{"key":"price","value":"1,12 €"},{"key":"oldPrice","value":"\n\t\t\t\t\t\n\t\t\t\t\tstatt 2,19 €\n\t\t\t\t"},{"key":"pricePerUnit","value":"(7.47 €/kg)"},{"key":"productDetailsName","value":"Schärdinger - Dachsteiner in Scheiben - 150 G"},{"key":"detailsDescription","value":"150 G"},{"key":"articleNumber","value":"Artikelnummer: 4045519"},{"key":"Lagerhinweis:","value":["Vor und nach dem Öffnen gekühlt (3-6°C) lagern. Nach dem Öffnen innerhalb weniger Tage verbrauchen."]},{"key":"Allergene:","value":["Enthält:Milch und daraus gewonnene Erzeugnisse (inkl. Laktose)"]},{"key":"","value":["Laktosefrei"]},{"key":"Identitätskennzeichen:","value":["AT 40153 EG"]},{"key":"Kontakt:","value":["Berglandmilch eGen","Schubertstraße 30, 4600 Wels, Österreich"]}],"nutritions":[{"key":"","value":"Unzubereitet"},{"key":" ","value":"100 g"},{"key":"Energie","value":"1518 kJ | 366 kcal"},{"key":"Fett","value":"30 g"},{"key":"Fett, davon gesättigte Fettsäuren","value":"19 g"},{"key":"Kohlenhydrate","value":"0 g"},{"key":"Kohlenhydrate, davon Zucker","value":"0 g"},{"key":"Eiweiß","value":"24 g"},{"key":"Salz","value":"1,5 g"}],"tags":["Gekühlt","Glutenfrei","Lactosefrei"]},
    {"url":"https://www.interspar.at/shop/lebensmittel/p/4214960","data":[{"key":"price","value":"1,99 €"},{"key":"oldPrice","value":"\n\t\t\t\t\t\n\t\t\t\t\t \n\t\t\t\t"},{"key":"pricePerUnit","value":"(13.27 €/kg)"},{"key":"productDetailsName","value":"Die Käsemacher - Schaffrischkäse Gupferl - 150 G"},{"key":"detailsDescription","value":"150 G"},{"key":"articleNumber","value":"Artikelnummer: 4214960"},{"key":"Lagerhinweis:","value":["Bei +4°C bis + 7°C lagern. Nach dem Öffnen innerhalb von 3 Tagen aufbrauchen."]},{"key":"Zutaten:","value":["Zutaten: Frischkäse (100% pasteurisierte SCHAFMILCH, Speisesalz, Lab, Milchsäurekulturen), Wasser, Säuerungsmittel: Milchsäure. In Großbuchstaben angegebene Zutaten enthalten allergene Inhaltsstoffe."]},{"key":"Allergene:","value":["Enthält:Milch und daraus gewonnene Erzeugnisse (inkl. Laktose)"]},{"key":"Identitätskennzeichen:","value":["AT 30209 EG"]},{"key":"Abtropfgewicht:","value":["150 g"]},{"key":"Verbrauchen nach dem Öffnen:","value":["3 Tage"]},{"key":"Kontakt:","value":["Die Käsemacher","Europastraße 5, 3902 Vitis, Österreich"]}],"nutritions":[{"key":"","value":"Unzubereitet"},{"key":" ","value":"100 g"},{"key":"Energie","value":"783 kJ | 189 kcal"},{"key":"Fett","value":"15 g"},{"key":"Fett, davon gesättigte Fettsäuren","value":"7,6 g"},{"key":"Kohlenhydrate","value":"2,8 g"},{"key":"Kohlenhydrate, davon Zucker","value":"2,8 g"},{"key":"Eiweiß","value":"10,6 g"},{"key":"Salz","value":"0,19 g"}],"tags":["Glutenfrei"]},
    {"url":"https://www.interspar.at/shop/lebensmittel/p/6265403","data":[{"key":"price","value":"0,64 €"},{"key":"oldPrice","value":"\n\t\t\t\t\t\n\t\t\t\t\t \n\t\t\t\t"},{"key":"pricePerUnit","value":"(12.90 €/kg)"},{"key":"productDetailsName","value":"Ellersdorfer - Gelundener nach Bauernart - 1 KG"},{"key":"detailsDescription","value":"1 KG"},{"key":"articleNumber","value":"Artikelnummer: 6265403"},{"key":"Lagerhinweis:","value":["Gekühlt lagern bei +2° bis + 6°C."]},{"key":"Zutaten:","value":["Zutaten: SAUERMILCHMAGERTOPFEN, Wasser, BUTTER, Gelatine, Maisstärke, Salz jodiert (Salz, Kaliumjodid), Kümmel, Gewürze, Schmelzsalz: Natriumphosphate. In Großbuchstaben angegebene Zutaten enthalten allergene Inhaltsstoffe."]},{"key":"Allergene:","value":["Enthält:Milch und daraus gewonnene Erzeugnisse (inkl. Laktose)"]},{"key":"Ursprungsland/Herkunftsort:","value":["Kärnten"]},{"key":"Kontakt:","value":["Josef Ellersdorfer","Herzog-Bernhard-Straße 1, 9300 St. Veit an der Glan, Österreich"]}],"nutritions":[{"key":" ","value":"100 g"},{"key":"","value":"Unzubereitet"},{"key":"Energie","value":"730 kJ | 176 kcal"},{"key":"Fett","value":"11 g"},{"key":"Fett, davon gesättigte Fettsäuren","value":"6,7 g"},{"key":"Kohlenhydrate","value":"2,3 g"},{"key":"Kohlenhydrate, davon Zucker","value":"0,1 g"},{"key":"Eiweiß","value":"16 g"},{"key":"Salz","value":"0,9 g"}],"tags":["Gekühlt","Glutenfrei"]},
    {"url":"https://www.interspar.at/shop/lebensmittel/p/7448447","data":[{"key":"price","value":"1,12 €"},{"key":"oldPrice","value":"\n\t\t\t\t\t\n\t\t\t\t\tstatt 2,19 €\n\t\t\t\t"},{"key":"pricePerUnit","value":"(7.47 €/kg)"},{"key":"productDetailsName","value":"Schärdinger - Traungold in Scheiben - 150 G"},{"key":"detailsDescription","value":"150 G"},{"key":"articleNumber","value":"Artikelnummer: 7448447"},{"key":"Lagerhinweis:","value":["Vor und nach dem Öffnen gekühlt (3-6°C) lagern. Nach dem Öffnen innerhalb weniger Tage verbrauchen."]},{"key":"Zutaten:","value":["Zutaten: MILCH, Salz, Farbstoff: Beta-Carotin, mikrobielles Lab, Käsereikulturen. In Großbuchstaben angegebene Zutaten enthalten allergene Inhaltsstoffe."]},{"key":"Allergene:","value":["Enthält:Milch und daraus gewonnene Erzeugnisse (inkl. Laktose)"]},{"key":"","value":["Laktosefrei"]},{"key":"Identitätskennzeichen:","value":["AT 40153 EG"]},{"key":"Kontakt:","value":["Berglandmilch eGen","Schubertstraße 30, 4600 Wels, Österreich"]}],"nutritions":[{"key":"","value":"Unzubereitet"},{"key":" ","value":"100 g"},{"key":"Energie","value":"1438 kJ | 346 kcal"},{"key":"Fett","value":"26 g"},{"key":"Fett, davon gesättigte Fettsäuren","value":"17 g"},{"key":"Kohlenhydrate","value":"0 g"},{"key":"Kohlenhydrate, davon Zucker","value":"0 g"},{"key":"Eiweiß","value":"28 g"},{"key":"Salz","value":"0,4 g"}],"tags":["Gekühlt","Glutenfrei","Lactosefrei"]},
    {"url":"https://www.interspar.at/shop/lebensmittel/p/1407969","data":[{"key":"price","value":"2,54 €"},{"key":"oldPrice","value":"\n\t\t\t\t\t\n\t\t\t\t\t \n\t\t\t\t"},{"key":"pricePerUnit","value":"(6.35 €/kg)"},{"key":"productDetailsName","value":"S-BUDGET - Gouda 48% F.i.T. in Scheiben - 400 G"},{"key":"detailsDescription","value":"400 G"},{"key":"articleNumber","value":"Artikelnummer: 1407969"},{"key":"Lagerhinweis:","value":["Vor und nach dem Öffnen bei +4°C bis +8°C lagern. Nach dem Öffnen innerhalb weniger Tage verbrauchen."]},{"key":"Zutaten:","value":["Zutaten: KUHMILCH, Salz unjodiert, Käsereikulturen, mikrobielles Lab. In Großbuchstaben angegebene Zutaten enthalten allergene Inhaltsstoffe."]},{"key":"Allergene:","value":["Enthält:Milch und daraus gewonnene Erzeugnisse (inkl. Laktose)"]},{"key":"","value":["Ohne Farbstoffe"]},{"key":"Identitätskennzeichen:","value":["DE MV 026 EG; DE NI 058 EG; DE SH 050 EG; DE NI 086 EG;"]},{"key":"Kontakt:","value":["SPAR Österr. Warenhandels-AG","Europastraße 3, 5015 Salzburg, Österreich"]}],"nutritions":[{"key":"","value":"Unzubereitet"},{"key":" ","value":"100 g"},{"key":"Energie","value":"1485 kJ | 358 kcal"},{"key":"Fett","value":"29 g"},{"key":"Fett, davon gesättigte Fettsäuren","value":"20 g"},{"key":"Kohlenhydrate","value":"< 0,5 g"},{"key":"Kohlenhydrate, davon Zucker","value":"< 0,5 g"},{"key":"Ballaststoffe","value":"0 g"},{"key":"Eiweiß","value":"23 g"},{"key":"Salz","value":"1,8 g"},{"key":"Broteinheiten","value":"0 BE"}],"tags":["Gekühlt","Lactosefrei","immer Billig"]},
    {"url":"https://www.interspar.at/shop/lebensmittel/p/1589160","data":[{"key":"price","value":"1,99 €"},{"key":"oldPrice","value":"\n\t\t\t\t\t\n\t\t\t\t\t \n\t\t\t\t"},{"key":"pricePerUnit","value":"(7.96 €/kg)"},{"key":"productDetailsName","value":"S-BUDGET - Feta - 250 G"},{"key":"detailsDescription","value":"250 G"},{"key":"articleNumber","value":"Artikelnummer: 1589160"},{"key":"Lagerhinweis:","value":["Vor und nach dem Öffnen gekühlt lagern. Nach dem Öffnen sofort verbrauchen."]},{"key":"Zutaten:","value":["Zutaten: SCHAFMILCH, ZIEGENMILCH, Salz, Lab. In Großbuchstaben angegebene Zutaten enthalten allergene Inhaltsstoffe."]},{"key":"Allergene:","value":["Enthält:Milch und daraus gewonnene Erzeugnisse (inkl. Laktose)"]},{"key":"Identitätskennzeichen:","value":["GR 35.1026 EC"]},{"key":"Zusatztext:","value":["Dieses Produkt kann natürlichen Schwankungen unterliegen."]},{"key":"Ursprungsland/Herkunftsort:","value":["Sorgfältig hergestellt in Griechenland"]},{"key":"Kontakt:","value":["SPAR Österr. Warenhandels-AG","Europastraße 3, 5015 Salzburg, Österreich"]}],"nutritions":[{"key":"","value":"Unzubereitet"},{"key":" ","value":"100 g"},{"key":"Energie","value":"1118 kJ | 270 kcal"},{"key":"Fett","value":"23 g"},{"key":"Fett, davon gesättigte Fettsäuren","value":"13 g"},{"key":"Kohlenhydrate","value":"0,45 g"},{"key":"Kohlenhydrate, davon Zucker","value":"0,45 g"},{"key":"Ballaststoffe","value":"0 g"},{"key":"Eiweiß","value":"16,4 g"},{"key":"Salz","value":"2 g"},{"key":"Broteinheiten","value":"0,04 BE"}],"tags":["Gekühlt","Glutenfrei","immer Billig"]},
    {"url":"https://www.interspar.at/shop/lebensmittel/p/2020000662440","data":[{"key":"price","value":"1,89 €"},{"key":"oldPrice","value":"\n\t\t\t\t\t\n\t\t\t\t\t \n\t\t\t\t"},{"key":"pricePerUnit","value":"(7.56 €/kg)"},{"key":"productDetailsName","value":"S-BUDGET - Emmentaler gerieben - 250 G"},{"key":"detailsDescription","value":"250 G"},{"key":"articleNumber","value":"Artikelnummer: 2020000662440"},{"key":"Lagerhinweis:","value":["Vor und nach dem Öffnen gekühlt lagern! Nach dem Öffnen der Packung sollte das Produkt rasch verzehrt werden."]},{"key":"Zutaten:","value":["Zutaten: Emmentaler (pasteurisierte KUHMILCH, Salz, Käsereikulturen, mikrobielles Lab), Kartoffelstärke. In Großbuchstaben angegebene Zutaten enthalten allergene Inhaltsstoffe."]},{"key":"Allergene:","value":["Enthält:Milch und daraus gewonnene Erzeugnisse (inkl. Laktose)"]},{"key":"","value":["Ohne Farbstoffe","Laktosefrei","Glutenfrei"]},{"key":"Zubereitung:","value":["Simmern/KöchelnSchmackhaft würzige KäsesuppeRezept für 4 PersonenZutaten: 60g Butter, 30g glattes Mehl, 1 kleine Zwiebel (gehackt), 1/4l Weißwein, 1/2l Suppe (evt. Würfel), 1/4l Schlagobers, 50g S-BUDGET Emmentaler gerieben, ÖlEinlage: Brokkoli, 2EL Mandelsplitter, zum Würzen: Salz, Pfeffer, MuskatnussMehl und gehackte Zwiebel in Butter hell anschwitzen, mit Weißwein ablöschen, mit Suppe aufgießen und aufkochen. Schlagobers zugießen und die Suppe auf kleiner Flamme ca. 10 Minuten köcheln lassen. In der Zwischenzeit die Mandelsplitter in 1EL Öl goldbraun anrösten und abtropfen lassen. S-BUDGET Emmentaler gerieben in die Suppe rühren und mit Salz, Pfeffer und geriebener Muskatnuss würzen. Suppe anrichten und mit Mandelsplittern und Brokkoli garnieren."]},{"key":"Identitätskennzeichen:","value":["DE BY 7118 EG FR 52.332.001 CE"]},{"key":"Zusatztext:","value":["Abpacker: siehe Aufdruck Verpackung"]},{"key":"Kontakt:","value":["SPAR Österr. Warenhandels-AG","Europastraße 3, 5015 Salzburg, Österreich"]}],"nutritions":[{"key":"","value":"Unzubereitet"},{"key":" ","value":"100 g"},{"key":"Energie","value":"1583 kJ | 381 kcal"},{"key":"Fett","value":"29 g"},{"key":"Fett, davon gesättigte Fettsäuren","value":"19 g"},{"key":"Kohlenhydrate","value":"3 g"},{"key":"Kohlenhydrate, davon Zucker","value":"< 0,1 g"},{"key":"Ballaststoffe","value":"0 g"},{"key":"Eiweiß","value":"27 g"},{"key":"Salz","value":"0,7 g"},{"key":"Broteinheiten","value":"0,3 BE"}],"tags":["Gekühlt","Glutenfrei","Lactosefrei","immer Billig"]},
    {"url":"https://www.interspar.at/shop/lebensmittel/p/2020000662495","data":[{"key":"price","value":"1,69 €"},{"key":"oldPrice","value":"\n\t\t\t\t\t\n\t\t\t\t\t \n\t\t\t\t"},{"key":"pricePerUnit","value":"(6.76 €/kg)"},{"key":"productDetailsName","value":"S-BUDGET - Käse-Aufschnitt leicht - 250 G"},{"key":"detailsDescription","value":"250 G"},{"key":"articleNumber","value":"Artikelnummer: 2020000662495"},{"key":"Lagerhinweis:","value":["Vor und nach dem Öffnen bei +3°C bis +6°C lagern. Nach dem Öffnen innerhalb weniger Tage verbrauchen."]},{"key":"Zutaten:","value":["Zutaten: pasteurisierte KUHMILCH, Speisesalz, mikrobielles Lab, Säuerungskulturen, Farbstoff: Carotin. In Großbuchstaben angegebene Zutaten enthalten allergene Inhaltsstoffe."]},{"key":"Allergene:","value":["Enthält:Milch und daraus gewonnene Erzeugnisse (inkl. Laktose)"]},{"key":"","value":["fettreduziert, da mind. 30% weniger Fett als vergleichbarer Aufschnitt aus Gouda 45% F.i.T., Edamer 40% F.i.T. und Maasdamer 45% F.i.T."]},{"key":"","value":["Laktosefrei"]},{"key":"Identitätskennzeichen:","value":["DE MV 026 EG; DE NI 058 EG; DE SH 050 EG; DE NI 086 EG"]},{"key":"Zusatztext:","value":["3 Sorten: Gouda, Edamer, Maasdamer"]},{"key":"Kontakt:","value":["SPAR Österr. Warenhandels-AG","Europastraße 3, 5015 Salzburg, Österreich"]}],"nutritions":[{"key":"","value":"Unzubereitet"},{"key":" ","value":"100 g"},{"key":"Energie","value":"1096 kJ | 263 kcal"},{"key":"Fett","value":"16 g"},{"key":"Fett, davon gesättigte Fettsäuren","value":"11 g"},{"key":"Kohlenhydrate","value":"< 0,5 g"},{"key":"Kohlenhydrate, davon Zucker","value":"< 0,1 g"},{"key":"Ballaststoffe","value":"0 g"},{"key":"Eiweiß","value":"28 g"},{"key":"Salz","value":"1,8 g"},{"key":"Broteinheiten","value":"0 BE"},{"key":"","value":"Unzubereitet"},{"key":" ","value":"100 g"},{"key":"Energie","value":"1096 kJ | 263 kcal"},{"key":"Fett","value":"16 g"},{"key":"Fett, davon gesättigte Fettsäuren","value":"11 g"},{"key":"Kohlenhydrate","value":"< 0,5 g"},{"key":"Kohlenhydrate, davon Zucker","value":"< 0,1 g"},{"key":"Ballaststoffe","value":"0 g"},{"key":"Eiweiß","value":"28 g"},{"key":"Salz","value":"1,8 g"},{"key":"Broteinheiten","value":"0 BE"},{"key":"","value":"Unzubereitet"},{"key":" ","value":"100 g"},{"key":"Energie","value":"1090 kJ | 261 kcal"},{"key":"Fett","value":"16 g"},{"key":"Fett, davon gesättigte Fettsäuren","value":"11 g"},{"key":"Kohlenhydrate","value":"< 0,5 g"},{"key":"Kohlenhydrate, davon Zucker","value":"< 0,1 g"},{"key":"Ballaststoffe","value":"0 g"},{"key":"Eiweiß","value":"28 g"},{"key":"Salz","value":"1,5 g"},{"key":"Broteinheiten","value":"0 BE"}],"tags":["Gekühlt","Glutenfrei","Lactosefrei","immer Billig"]},
    {"url":"https://www.interspar.at/shop/lebensmittel/p/2020000662556","data":[{"key":"price","value":"1,69 €"},{"key":"oldPrice","value":"\n\t\t\t\t\t\n\t\t\t\t\t \n\t\t\t\t"},{"key":"pricePerUnit","value":"(6.76 €/kg)"},{"key":"productDetailsName","value":"S-BUDGET - Käse-Aufschnitt 3 Sorten - 250 G"},{"key":"detailsDescription","value":"250 G"},{"key":"articleNumber","value":"Artikelnummer: 2020000662556"},{"key":"Lagerhinweis:","value":["Vor und nach dem Öffnen bei +4°C bis +8°C lagern. Nach dem Öffnen innerhalb weniger Tage verbrauchen."]},{"key":"Zutaten:","value":["Zutaten: Gouda (pasteurisierte KUHMILCH, Salz, mikrobielles Lab, Säuerungskulturen, Farbstoff: Carotin), Tilsiter (pasteurisierte KUHMILCH, Salz, mikrobielles Lab, Säuerungskulturen, Farbstoff: Carotin), Emmentaler (pasteurisierte KUHMILCH, Salz, mikrobielles Lab, Säuerungskulturen). In Großbuchstaben angegebene Zutaten enthalten allergene Inhaltsstoffe."]},{"key":"Allergene:","value":["Enthält:Milch und daraus gewonnene Erzeugnisse (inkl. Laktose)"]},{"key":"","value":["Laktosefrei"]},{"key":"Identitätskennzeichen:","value":["DE MV 026 EG; DE NI 058 EG; DE SH 050 EG; DE NI 086 EG"]},{"key":"Zusatztext:","value":["- 4 Scheiben Gouda 4, 2 Scheiben Tilsiter, 1 Scheibe Emmentaler 45% F.i.T."]},{"key":"Ursprungsland/Herkunftsort:","value":["Sorgfältig hergestellt für SPAR"]},{"key":"Kontakt:","value":["SPAR Österr. Warenhandels-AG","Europastraße 3, 5015 Salzburg, Österreich"]}],"nutritions":[{"key":"","value":"Unzubereitet"},{"key":" ","value":"100 g"},{"key":"Energie","value":"374 kJ | 1554 kcal"},{"key":"Fett","value":"29 g"},{"key":"Fett, davon gesättigte Fettsäuren","value":"20 g"},{"key":"Kohlenhydrate","value":"< 0,5 g"},{"key":"Kohlenhydrate, davon Zucker","value":"< 0,1 g"},{"key":"Ballaststoffe","value":"0 g"},{"key":"Eiweiß","value":"27 g"},{"key":"Salz","value":"1 g"},{"key":"Broteinheiten","value":"0 BE"},{"key":"","value":"Unzubereitet"},{"key":" ","value":"100 g"},{"key":"Energie","value":"1492 kJ | 360 kcal"},{"key":"Fett","value":"29 g"},{"key":"Fett, davon gesättigte Fettsäuren","value":"20 g"},{"key":"Kohlenhydrate","value":"< 0,5 g"},{"key":"Kohlenhydrate, davon Zucker","value":"< 0,1 g"},{"key":"Ballaststoffe","value":"0 g"},{"key":"Eiweiß","value":"23 g"},{"key":"Salz","value":"1,8 g"},{"key":"Broteinheiten","value":"0 BE"},{"key":"","value":"Unzubereitet"},{"key":" ","value":"100 g"},{"key":"Energie","value":"341 kJ | 1415 kcal"},{"key":"Fett","value":"26 g"},{"key":"Fett, davon gesättigte Fettsäuren","value":"18 g"},{"key":"Kohlenhydrate","value":"< 0,5 g"},{"key":"Kohlenhydrate, davon Zucker","value":"< 0,1 g"},{"key":"Ballaststoffe","value":"0 g"},{"key":"Eiweiß","value":"25 g"},{"key":"Salz","value":"1,8 g"},{"key":"Broteinheiten","value":"0 BE"}],"tags":["Gekühlt","Glutenfrei","Lactosefrei","immer Billig"]},
    {"url":"https://www.interspar.at/shop/lebensmittel/p/2020001213917","data":[{"key":"price","value":"2,69 €"},{"key":"oldPrice","value":"\n\t\t\t\t\t\n\t\t\t\t\t \n\t\t\t\t"},{"key":"pricePerUnit","value":"(6.73 €/kg)"},{"key":"productDetailsName","value":"S-BUDGET - Butterkäse in Scheiben - 400 G"},{"key":"detailsDescription","value":"400 G"},{"key":"articleNumber","value":"Artikelnummer: 2020001213917"},{"key":"Lagerhinweis:","value":["Vor und nach dem Öffnen gekühlt lagern und innerhalb weniger Tage verbrauchen. Ungeöffnet bei +4°C bis +8°C mindestens haltbar bis: siehe Aufdruck auf der Verpackung"]},{"key":"Zutaten:","value":["Zutaten: pasteurisierte KUHMILCH, Speisesalz unjodiert, Käsereikulturen, mikrobielles Lab. In Großbuchstaben angegebene Zutaten enthalten allergene Inhaltsstoffe."]},{"key":"Allergene:","value":["Enthält:Milch und daraus gewonnene Erzeugnisse (inkl. Laktose)"]},{"key":"","value":["Laktosefrei"]},{"key":"Identitätskennzeichen:","value":["NI=DE NI 058 EG; MV=DE MV 026 EG; NH=DE SH 050 EG; ED=DE NI 086 EG"]},{"key":"Kontakt:","value":["SPAR Österr. Warenhandels-AG","Europastraße 3, 5015 Salzburg, Österreich","office@spar.at"]}],"nutritions":[{"key":"","value":"Unzubereitet"},{"key":" ","value":"100 g"},{"key":"Energie","value":"1391 kJ | 335 kcal"},{"key":"Fett","value":"26 g"},{"key":"Fett, davon gesättigte Fettsäuren","value":"18 g"},{"key":"Kohlenhydrate","value":"< 0,1 g"},{"key":"Kohlenhydrate, davon Zucker","value":"< 0,1 g"},{"key":"Ballaststoffe","value":"0 g"},{"key":"Eiweiß","value":"24 g"},{"key":"Salz","value":"1,8 g"},{"key":"Broteinheiten","value":"0 BE"}],"tags":["Gekühlt","Lactosefrei","immer Billig"]},
    {"url":"https://www.interspar.at/shop/lebensmittel/p/2020001221639","data":[{"key":"price","value":"0,95 €"},{"key":"oldPrice","value":"\n\t\t\t\t\t\n\t\t\t\t\t \n\t\t\t\t"},{"key":"pricePerUnit","value":"(7.60 €/kg)"},{"key":"productDetailsName","value":"S-BUDGET - Mini-Mozzarella - 125 G"},{"key":"detailsDescription","value":"125 G"},{"key":"articleNumber","value":"Artikelnummer: 2020001221639"},{"key":"Lagerhinweis:","value":["Vor und nach dem Öffnen bei +2°C bis +6°C gekühlt lagern. Nach dem Öffnen vollständig bedeckt von der enthaltenen Lake lagern und binnen 24h aufbrauchen."]},{"key":"Zutaten:","value":["Zutaten: pasteurisierte KUHMILCH, Säuerungsmittel: Citronensäure, Milchsäurebakterienkulturen, Salz unjodiert, mikrobielles Lab. In Großbuchstaben angegebene Zutaten enthalten allergene Inhaltsstoffe."]},{"key":"Allergene:","value":["Enthält:Milch und daraus gewonnene Erzeugnisse (inkl. Laktose)"]},{"key":"Identitätskennzeichen:","value":["DE BY 301 EG"]},{"key":"Abtropfgewicht:","value":["125 g"]},{"key":"Ursprungsland/Herkunftsort:","value":["Sorgfältig hergestellt in Deutschland"]},{"key":"Verbrauchen nach dem Öffnen:","value":["1 Tage"]},{"key":"Kontakt:","value":["SPAR Österr. Warenhandels-AG","Europastraße 3, 5015 Salzburg, Österreich","office@spar.at"]}],"nutritions":[{"key":"","value":"Unzubereitet"},{"key":" ","value":"100 g"},{"key":"Energie","value":"1035 kJ | 249 kcal"},{"key":"Fett","value":"19 g"},{"key":"Fett, davon gesättigte Fettsäuren","value":"13 g"},{"key":"Kohlenhydrate","value":"1,5 g"},{"key":"Kohlenhydrate, davon Zucker","value":"1,5 g"},{"key":"Ballaststoffe","value":"0 g"},{"key":"Eiweiß","value":"18 g"},{"key":"Salz","value":"0,4 g"}],"tags":["Gekühlt","immer Billig"]},
    {"url":"https://www.interspar.at/shop/lebensmittel/p/2020001607440","data":[{"key":"price","value":"1,79 €"},{"key":"oldPrice","value":"\n\t\t\t\t\t\n\t\t\t\t\t \n\t\t\t\t"},{"key":"pricePerUnit","value":"(7.16 €/kg)"},{"key":"productDetailsName","value":"S-BUDGET - Pizza-Käse gerieben, leicht* - 250 G"},{"key":"detailsDescription","value":"250 G"},{"key":"articleNumber","value":"Artikelnummer: 2020001607440"},{"key":"Lagerhinweis:","value":["Vor und nach dem Öffnen gekühlt (3-8°C) lagern. Nach dem Öffnen innerhalb weniger Tage verbrauchen."]},{"key":"Zutaten:","value":["Zutaten: MILCH, Maisstärke, Salz unjodiert, Farbstoff: Beta-Carotin, mikrobielles Lab, Käsereikulturen. In Großbuchstaben angegebene Zutaten enthalten allergene Inhaltsstoffe."]},{"key":"Allergene:","value":["Enthält:Milch und daraus gewonnene Erzeugnisse (inkl. Laktose)"]},{"key":"","value":["fettreduziert - *enthält um 32% weniger Fett als herkömmlicher Pizzakäse mit 45% Fett i. Tr."]},{"key":"","value":["Glutenfrei","Laktosefrei"]},{"key":"Zubereitung:","value":["BackenRezept für Mini-Pizzen (8 Personen). Zutaten: 1 Pkg. SPAR Hefe-Pizzateig, 800g S-BUDGET geschälte Tomaten, 3 Stk. SPAR Knoblauchzehen, 1 Bd. SPAR frisches Basilikum, DESPAR Olivenöl, SPAR Oregano, S-BUDGET Pfeffer, S-BUDGET Salz. Zum Belegen: S-BUDGET Pizzakäse leicht, z.B.: DESPAR Prosciutto, DESPAR Rucola. Zubereitung:1. Tomatensauce: Die geschälten Tomaten abtropfen lassen (den Saft auffangen) und grob hacken. Knoblauch fein hacken und in 2 EL Olivenöl andünsten. 1 EL gehackten Oregano und die Tomaten dazugeben, salzen und pfeffern. Nach und nach den Tomatensaft eingießen und bei kleiner Hitze einreduzieren lassen. Erst zum Schluss grob gehacktes Basilikum in die Sauce einrühren, denn dadurch bleiben die charakteristischen ätherischen Öle erhalten. 2. Vorbereitung der Pizza: Aus dem bereits fertig ausgerollten Pizzateig Kreise von etwa 8 cm Durchmesser (mit einem Glas oder einer Tasse) ausstechen, mit der Tomatensauce bestreichen und mit den gewünschten Zutaten belegen.Mini-Pizzen würzen und mit dem S-BUDGET Pizzakäse leicht nach Belieben bestreuen. Die Mini-Pizzen im vorgeheizten Rohr, auf einem mit Backpapier ausgelegten Backblech, bei 200°C ca. 10 Min. knusprig backen. Tipp: SPAR Hefe-Pizzateig (fertig ausgerollt) ist der ideale Pizzaboden für den schnellen und selbstgemachten Pizzagenuss."]},{"key":"Identitätskennzeichen:","value":["AT-40153 EG"]},{"key":"Ursprungsland/Herkunftsort:","value":["Qualität aus Österreich"]},{"key":"Kontakt:","value":["SPAR Österr. Warenhandels-AG","Europastraße 3, 5015 Salzburg, Österreich","office@spar.at"]}],"nutritions":[{"key":"","value":"Unzubereitet"},{"key":" ","value":"100 g"},{"key":"Energie","value":"1086 kJ | 261 kcal"},{"key":"Fett","value":"17 g"},{"key":"Fett, davon gesättigte Fettsäuren","value":"11 g"},{"key":"Kohlenhydrate","value":"0,9 g"},{"key":"Kohlenhydrate, davon Zucker","value":"0 g"},{"key":"Ballaststoffe","value":"0 g"},{"key":"Eiweiß","value":"26 g"},{"key":"Salz","value":"1 g"},{"key":"Broteinheiten","value":"0,1 g"},{"key":"Laktose","value":"< 0,1 g"}],"tags":["Gekühlt","Glutenfrei","Lactosefrei","immer Billig"]},
    {"url":"https://www.interspar.at/shop/lebensmittel/p/2099873","data":[{"key":"price","value":"2,55 €"},{"key":"oldPrice","value":"\n\t\t\t\t\t\n\t\t\t\t\t \n\t\t\t\t"},{"key":"pricePerUnit","value":"(5.10 €/kg)"},{"key":"productDetailsName","value":"S-BUDGET - Mascarpone - 500 G"},{"key":"detailsDescription","value":"500 G"},{"key":"articleNumber","value":"Artikelnummer: 2099873"}],"nutritions":[],"tags":["Gekühlt","immer Billig"]},
    {"url":"https://www.interspar.at/shop/lebensmittel/p/2686653","data":[{"key":"price","value":"0,65 €"},{"key":"oldPrice","value":"\n\t\t\t\t\t\n\t\t\t\t\t \n\t\t\t\t"},{"key":"pricePerUnit","value":"(5.20 €/kg)"},{"key":"productDetailsName","value":"S-BUDGET - Mozzarella - 125 G"},{"key":"detailsDescription","value":"125 G"},{"key":"articleNumber","value":"Artikelnummer: 2686653"},{"key":"Lagerhinweis:","value":["Vor und nach dem Öffnen bei +2°C bis +6°C lagern. Nach dem Öffnen vollstädnig bedeckt von der enthaltenen Lake lagern und binnen 24h aufbrauchen."]},{"key":"Zutaten:","value":["Zutaten: pasteurisierte KUHMILCH, Säuerungsmittel: Citronensäure, Milchsäurebakterien, Salz unjodiert, mikrobielles Lab. In Großbuchstaben angegebene Zutaten enthalten allergene Inhaltsstoffe."]},{"key":"Allergene:","value":["Enthält:Milch und daraus gewonnene Erzeugnisse (inkl. Laktose)"]},{"key":"Identitätskennzeichen:","value":["DE BY 301 EG"]},{"key":"Abtropfgewicht:","value":["125 g"]},{"key":"Ursprungsland/Herkunftsort:","value":["Sorgfältig hergestellt in Deutschland"]},{"key":"Verbrauchen nach dem Öffnen:","value":["1 Tage"]},{"key":"Kontakt:","value":["SPAR Österr. Warenhandels-AG","Europastraße 3, 5015 Salzburg, Österreich"]}],"nutritions":[{"key":" ","value":"100 g"},{"key":"","value":"Unzubereitet"},{"key":"Energie","value":"1035 kJ | 249 kcal"},{"key":"Fett","value":"19 g"},{"key":"Fett, davon gesättigte Fettsäuren","value":"13 g"},{"key":"Kohlenhydrate","value":"1,5 g"},{"key":"Kohlenhydrate, davon Zucker","value":"1,5 g"},{"key":"Ballaststoffe","value":"0 g"},{"key":"Eiweiß","value":"18 g"},{"key":"Salz","value":"0,5 g"},{"key":"Broteinheiten","value":"0,1 BE"}],"tags":["Gekühlt","Glutenfrei","immer Billig"]},
    {"url":"https://www.interspar.at/shop/lebensmittel/p/1265019","data":[{"key":"price","value":"1,49 €"},{"key":"oldPrice","value":"\n\t\t\t\t\t\n\t\t\t\t\tstatt 1,99 €\n\t\t\t\t"},{"key":"pricePerUnit","value":"(9.93 €/kg)"},{"key":"productDetailsName","value":"Bresso - Frischkäse Wildkräuter - 150 G"},{"key":"detailsDescription","value":"150 G"},{"key":"articleNumber","value":"Artikelnummer: 1265019"},{"key":"Lagerhinweis:","value":["Gekühlt lagern."]},{"key":"Zutaten:","value":["Zutaten: FRISCHKÄSE, CRÈME FRAÎCHE, BUTTER, Rosmarin, Thymian, Schnittlauch, Zwiebeln, Knoblauch, Gewürze, native Stärke, Speisesalz. In Großbuchstaben angegebene Zutaten enthalten allergene Inhaltsstoffe."]},{"key":"Allergene:","value":["Enthält:Milch und daraus gewonnene Erzeugnisse (inkl. Laktose)"]},{"key":"Identitätskennzeichen:","value":["DE BY 714 EG"]},{"key":"Zusatztext:","value":["Mit Stickstoff aufgeschlagen."]},{"key":"Kontakt:","value":["Bresso","PF 45, 1104 Wien, Österreich"]}],"nutritions":[{"key":"","value":"Unzubereitet"},{"key":" ","value":"100 g"},{"key":"Energie","value":"845 kJ | 204 kcal"},{"key":"Fett","value":"18 g"},{"key":"Fett, davon gesättigte Fettsäuren","value":"12 g"},{"key":"Kohlenhydrate","value":"4 g"},{"key":"Kohlenhydrate, davon Zucker","value":"2,8 g"},{"key":"Eiweiß","value":"6,5 g"},{"key":"Salz","value":"1,2 g"},{"key":"","value":"Unzubereitet"},{"key":" ","value":"Portion (20 g)"},{"key":"Energie","value":"169 kJ | 41 kcal"},{"key":"Fett","value":"3,6 g"},{"key":"Fett, davon gesättigte Fettsäuren","value":"2,4 g"},{"key":"Kohlenhydrate","value":"0,8 g"},{"key":"Kohlenhydrate, davon Zucker","value":"0,6 g"},{"key":"Eiweiß","value":"1,3 g"},{"key":"Salz","value":"0,2 g"}],"tags":["Gekühlt","Glutenfrei"]},
    {"url":"https://www.interspar.at/shop/lebensmittel/p/1380644","data":[{"key":"price","value":"1,99 €"},{"key":"oldPrice","value":"\n\t\t\t\t\t\n\t\t\t\t\t \n\t\t\t\t"},{"key":"pricePerUnit","value":"(13.27 €/kg)"},{"key":"productDetailsName","value":"Kolios - Feta - 150 G"},{"key":"detailsDescription","value":"150 G"},{"key":"articleNumber","value":"Artikelnummer: 1380644"},{"key":"Lagerhinweis:","value":["Bei +2°C bis +6°C lagern."]},{"key":"Zutaten:","value":["Zutaten: Pasteurisierte SCHAF- und ZIEGENMILCH (0-30%), Salz, Kultur, mikrobielles Lab. In Großbuchstaben angegebene Zutaten enthalten allergene Inhaltsstoffe."]},{"key":"Allergene:","value":["Enthält:Milch und daraus gewonnene Erzeugnisse (inkl. Laktose)"]},{"key":"Identitätskennzeichen:","value":["GR 26.2.663 EC"]},{"key":"Kontakt:","value":["Nordex Food Austria Ges.m.b.H","Sulzbach 190, 4820 Bad Ischl, Österreich"]}],"nutritions":[{"key":"","value":"Unzubereitet"},{"key":" ","value":"100 g"},{"key":"Energie","value":"1140 kJ | 275 kcal"},{"key":"Fett","value":"23 g"},{"key":"Fett, davon gesättigte Fettsäuren","value":"16 g"},{"key":"Kohlenhydrate","value":"1 g"},{"key":"Kohlenhydrate, davon Zucker","value":"< 0,5 g"},{"key":"Eiweiß","value":"16 g"},{"key":"Salz","value":"2,5 g"},{"key":"","value":"Unzubereitet"},{"key":" ","value":"Portion (30 g)"},{"key":"Energie","value":"342 kJ | 83 kcal | 4 %"},{"key":"Fett","value":"6,9 g | 10 %"},{"key":"Fett, davon gesättigte Fettsäuren","value":"4,8 g | 24 %"},{"key":"Kohlenhydrate","value":"0,3 g"},{"key":"Kohlenhydrate, davon Zucker","value":"< 0,3 g | 1 %"},{"key":"Eiweiß","value":"4,8 g | 10 %"},{"key":"Salz","value":"0,75 g | 13 %"}],"tags":["Gekühlt","Glutenfrei"]},
    {"url":"https://www.interspar.at/shop/lebensmittel/p/2020000463979","data":[{"key":"price","value":"0,70 €"},{"key":"oldPrice","value":"\n\t\t\t\t\t\n\t\t\t\t\t \n\t\t\t\t"},{"key":"pricePerUnit","value":"(13.90 €/kg)"},{"key":"productDetailsName","value":"Sabelli - Schnittkäse - 1 KG"},{"key":"detailsDescription","value":"1 KG"},{"key":"articleNumber","value":"Artikelnummer: 2020000463979"},{"key":"Lagerhinweis:","value":["Gekühlt lagern bei +4° - 8°C."]},{"key":"Zutaten:","value":["Zutaten: MILCH, Salz, Lab. In Großbuchstaben angegebene Zutaten enthalten allergene Inhaltsstoffe."]},{"key":"Allergene:","value":["Enthält:Milch und daraus gewonnene Erzeugnisse (inkl. Laktose)"]},{"key":"Identitätskennzeichen:","value":["IT 05 13 CE"]},{"key":"Ursprungsland/Herkunftsort:","value":["Italien"]},{"key":"Kontakt:","value":["Interfood Lebensmittel GH GmbH","Innsbruckerstrasse 77, 6060 Hall in Tirol"]}],"nutritions":[{"key":"","value":"Unzubereitet"},{"key":" ","value":"100 g"},{"key":"Energie","value":"1407 kJ | 339 kcal"},{"key":"Fett","value":"27 g"},{"key":"Fett, davon gesättigte Fettsäuren","value":"19 g"},{"key":"Kohlenhydrate","value":"1 g"},{"key":"Kohlenhydrate, davon Zucker","value":"0,1 g"},{"key":"Ballaststoffe","value":"0 g"},{"key":"Eiweiß","value":"23 g"},{"key":"Salz","value":"0,4 g"},{"key":"Broteinheiten","value":"0,1 BE"}],"tags":["Gekühlt"]},
    {"url":"https://www.interspar.at/shop/lebensmittel/p/2020000589983","data":[{"key":"price","value":"1,49 €"},{"key":"oldPrice","value":"\n\t\t\t\t\t\n\t\t\t\t\tstatt 1,99 €\n\t\t\t\t"},{"key":"pricePerUnit","value":"(9.93 €/kg)"},{"key":"productDetailsName","value":"Bresso - Frischkäse Feine Kräuter - 150 G"},{"key":"detailsDescription","value":"150 G"},{"key":"articleNumber","value":"Artikelnummer: 2020000589983"},{"key":"Lagerhinweis:","value":["Gekühlt lagern."]},{"key":"Zutaten:","value":["Zutaten: FRISCHKÄSE, CRÉME FRAÎCHE, BUTTER, Wasser, Speisesalz, Knoblauch, Kräuter, Pfeffer, Zucker, Speisegelatine, Verdickungsmittel E 466. In Großbuchstaben angegebene Zutaten enthalten allergene Inhaltsstoffe."]},{"key":"Allergene:","value":["Enthält:Milch und daraus gewonnene Erzeugnisse (inkl. Laktose)"]},{"key":"Identitätskennzeichen:","value":["DE BY 714 EG"]},{"key":"Zusatztext:","value":["Mit Stickstoff aufgeschlagen."]},{"key":"Ursprungsland/Herkunftsort:","value":["Deutschland"]},{"key":"Kontakt:","value":["Bresso","PF 45, 1104 Wien, Österreich"]}],"nutritions":[{"key":"","value":"Unzubereitet"},{"key":" ","value":"100 g"},{"key":"Energie","value":"950 kJ | 230 kcal"},{"key":"Fett","value":"21 g"},{"key":"Fett, davon gesättigte Fettsäuren","value":"13 g"},{"key":"Kohlenhydrate","value":"2,7 g"},{"key":"Kohlenhydrate, davon Zucker","value":"2,7 g"},{"key":"Eiweiß","value":"7,5 g"},{"key":"Salz","value":"1,3 g"},{"key":"","value":"Unzubereitet"},{"key":" ","value":"Portion (20 g)"},{"key":"Energie","value":"189 kJ | 46 kcal"},{"key":"Fett","value":"4,2 g"},{"key":"Fett, davon gesättigte Fettsäuren","value":"2,6 g"},{"key":"Kohlenhydrate","value":"0,5 g"},{"key":"Kohlenhydrate, davon Zucker","value":"0,5 g"},{"key":"Eiweiß","value":"1,5 g"},{"key":"Salz","value":"0,3 g"}],"tags":["Gekühlt"]},
    {"url":"https://www.interspar.at/shop/lebensmittel/p/2020000590026","data":[{"key":"price","value":"1,99 €"},{"key":"oldPrice","value":"\n\t\t\t\t\t\n\t\t\t\t\t \n\t\t\t\t"},{"key":"pricePerUnit","value":"(16.58 €/kg)"},{"key":"productDetailsName","value":"Bresso - Frische Vielfalt 8 Portionen á 15g - 120 G"},{"key":"detailsDescription","value":"120 G"},{"key":"articleNumber","value":"Artikelnummer: 2020000590026"},{"key":"Lagerhinweis:","value":["Gekühlt bei +2°C bis +8°C lagern."]},{"key":"Zutaten:","value":["Zutaten: Feine Kräuter: FRISCHKÄSE, Speisesalz, Knoblauch, feine Kräuter, Pfeffer, Konservierungsstoff: Kaliumsorbat.3 Sorten Pfeffer: FRISCHKÄSE, Speisesalz, grüner, weißer, schwarzer Pfeffer, feine Kräuter, natürliches Pfefferaroma, Konservierungsstoff: Kaliumsorbat. Tomate & Paprika: FRISCHKÄSE, Paprika, Speisesalz, Kräuter, Knoblauch, Tomatenpulver, Basilikum, Konservierungsstoff: Kaliumsorbat. In Großbuchstaben angegebene Zutaten enthalten allergene Inhaltsstoffe."]},{"key":"Allergene:","value":["Kann Spuren von Nüssen und Ziegenmilch enthalten.","Kann Spuren enthalten von:Milch und daraus gewonnene Erzeugnisse (inkl. Laktose), Schalenfrüchte und daraus gewonnene Erzeugnisse","Enthält:Milch und daraus gewonnene Erzeugnisse (inkl. Laktose)"]},{"key":"Identitätskennzeichen:","value":["FR 24.256.002 CE"]},{"key":"Zusatztext:","value":["4x Feine Käuter, 2x Drei Sorten Pfeffer, 2x Tomate & Paprika"]},{"key":"Ursprungsland/Herkunftsort:","value":["Frankreich"]},{"key":"Kontakt:","value":["Bresso","PF 45, 1104 Wien, Österreich"]}],"nutritions":[],"tags":["Gekühlt"]},
    {"url":"https://www.interspar.at/shop/lebensmittel/p/2020000882299","data":[{"key":"price","value":"1,83 €"},{"key":"oldPrice","value":"\n\t\t\t\t\t\n\t\t\t\t\t \n\t\t\t\t"},{"key":"pricePerUnit","value":"(14.64 €/kg)"},{"key":"productDetailsName","value":"DESPAR - Grana Padano gerieben - 125 G"},{"key":"detailsDescription","value":"125 G"},{"key":"articleNumber","value":"Artikelnummer: 2020000882299"},{"key":"Lagerhinweis:","value":["Vor und nach dem Öffnen im Kühlschrank bei +4° bis +8°C aufbewahren. Nach dem Öffnen alsbald verbrauchen."]},{"key":"Zutaten:","value":["Zutaten: MILCH, Salz, Lab, Konservierungsstoff: Lysozym (EI). In Großbuchstaben angegebene Zutaten enthalten allergene Inhaltsstoffe."]},{"key":"Allergene:","value":["Enthält:Eier und daraus gewonnene Erzeugnisse, Milch und daraus gewonnene Erzeugnisse (inkl. Laktose)"]},{"key":"Zubereitung:","value":["Verzehrfertig1. Streifen an der Perforierung abziehen. 2. Beutel öffnen. 3. Beutel am Klippverschluss zusammen drücken."]},{"key":"Identitätskennzeichen:","value":["X = IT 03 642 CE Y = IT 03 365 CE"]},{"key":"Ursprungsland/Herkunftsort:","value":["Sorgfältig hergestellt in Italien"]},{"key":"Kontakt:","value":["SPAR Österr. Warenhandels-AG","Europastraße 3, 5015 Salzburg, Österreich","office@spar.at"]}],"nutritions":[{"key":"","value":"Unzubereitet"},{"key":" ","value":"100 g"},{"key":"Energie","value":"1654 kJ | 398 kcal"},{"key":"Fett","value":"29 g"},{"key":"Fett, davon gesättigte Fettsäuren","value":"18 g"},{"key":"Fett, davon einfach ungesättigte Fettsäuren","value":"7,2 g"},{"key":"Kohlenhydrate","value":"0 g"},{"key":"Kohlenhydrate, davon Zucker","value":"0 g"},{"key":"Ballaststoffe","value":"0 g"},{"key":"Eiweiß","value":"33 g"},{"key":"Salz","value":"1,5 g"}],"tags":["Gekühlt","immer Billig"]},
    {"url":"https://www.interspar.at/shop/lebensmittel/p/2020001025138","data":[{"key":"price","value":"1,99 €"},{"key":"oldPrice","value":"\n\t\t\t\t\t\n\t\t\t\t\t \n\t\t\t\t"},{"key":"pricePerUnit","value":"(24.88 €/kg)"},{"key":"productDetailsName","value":"Kerry - Mozzarella Cheestrings Spaghetti 4 x 20g - 80 G"},{"key":"detailsDescription","value":"80 G"},{"key":"articleNumber","value":"Artikelnummer: 2020001025138"},{"key":"Lagerhinweis:","value":["Gekühlt (+4-8°C) lagern."]},{"key":"Zutaten:","value":["Zutaten: MILCH, Salz, mikrobieller Labersatzstoff, Starterkulturen (MILCH). In Großbuchstaben angegebene Zutaten enthalten allergene Inhaltsstoffe."]},{"key":"Allergene:","value":["Enthält:Milch und daraus gewonnene Erzeugnisse (inkl. Laktose)"]},{"key":"Identitätskennzeichen:","value":["IE 1057 EC"]},{"key":"Ursprungsland/Herkunftsort:","value":["Irland"]},{"key":"Kontakt:","value":["Privatmolkerei Bauer GmbH & Co. KG","83512 Wasserburg/Inn, Deutschland"]}],"nutritions":[{"key":"","value":"Unzubereitet"},{"key":" ","value":"100 g"},{"key":"Energie","value":"1310 kJ | 315 kcal"},{"key":"Fett","value":"23 g"},{"key":"Fett, davon gesättigte Fettsäuren","value":"14,3 g"},{"key":"Kohlenhydrate","value":"0,1 g"},{"key":"Kohlenhydrate, davon Zucker","value":"0,1 g"},{"key":"Eiweiß","value":"27 g"},{"key":"Salz","value":"1,9 g"}],"tags":["Gekühlt"]},
    {"url":"https://www.interspar.at/shop/lebensmittel/p/2020001290383","data":[{"key":"price","value":"1,59 €"},{"key":"oldPrice","value":"\n\t\t\t\t\t\n\t\t\t\t\t \n\t\t\t\t"},{"key":"pricePerUnit","value":"(9.09 €/kg)"},{"key":"productDetailsName","value":"Philadelphia - Frischkäse Mediterrane Kräuter - 175 G"},{"key":"detailsDescription","value":"175 G"},{"key":"articleNumber","value":"Artikelnummer: 2020001290383"},{"key":"Lagerhinweis:","value":["Gekühlt aufbewahren."]},{"key":"Zutaten:","value":["Zutaten: FRISCHKÄSE, MOLKENERZEUGNIS, Wasser, Rosmarin, Thymian, Basilikum, Kerbel, Petersilie, Schnittlauch, Speisesalz, Zwiebel, Knoblauch, Essig aus Agraralkohol, modifizierte Stärke, Verdickungsmittel (Johannisbrotkernmehl), Säuerungsmittel (Milchsäure, Citronensäure), Aroma, weißer Pfeffer. In Großbuchstaben angegebene Zutaten enthalten allergene Inhaltsstoffe."]},{"key":"Allergene:","value":["Enthält:Milch und daraus gewonnene Erzeugnisse (inkl. Laktose)"]},{"key":"Kontakt:","value":["Mondelez Österreich CONSUMER SUPPORT","1140 Wien, Österreich"]}],"nutritions":[{"key":"","value":"Unzubereitet"},{"key":" ","value":"100 g"},{"key":"Energie","value":"909 kJ | 220 kcal"},{"key":"Fett","value":"19 g"},{"key":"Fett, davon gesättigte Fettsäuren","value":"13 g"},{"key":"Kohlenhydrate","value":"4,1 g"},{"key":"Kohlenhydrate, davon Zucker","value":"3,7 g"},{"key":"Ballaststoffe","value":"0,3 g"},{"key":"Eiweiß","value":"5,1 g"},{"key":"Salz","value":"0,87 g"}],"tags":["Gekühlt"]},
    {"url":"https://www.interspar.at/shop/lebensmittel/p/2020001329120","data":[{"key":"price","value":"0,99 €"},{"key":"oldPrice","value":"\n\t\t\t\t\t\n\t\t\t\t\t \n\t\t\t\t"},{"key":"pricePerUnit","value":"(7.92 €/kg)"},{"key":"productDetailsName","value":"SPAR Vital Vital - Mozzarella light - 125 G"},{"key":"detailsDescription","value":"125 G"},{"key":"articleNumber","value":"Artikelnummer: 2020001329120"},{"key":"Lagerhinweis:","value":["Vor und nach dem Öffnen gekühlt bei 0°C bis +7°C lagern. Nach dem Öffnen alsbald verbrauchen."]},{"key":"Zutaten:","value":["Zutaten: Pasteurisierte MILCH, Speisesalz unjodiert, mikrobielles Lab, Säuerungsmittel: Citronensäure, Milchsäurebakterien. In Großbuchstaben angegebene Zutaten enthalten allergene Inhaltsstoffe."]},{"key":"Allergene:","value":["Enthält:Milch und daraus gewonnene Erzeugnisse (inkl. Laktose)"]},{"key":"","value":["33% weniger Fett*hoher Calcium-Gehalt*im Vergleich zu herkömmlichem Mozzarella"]},{"key":"Identitätskennzeichen:","value":["IT 06 9 CE"]},{"key":"Abtropfgewicht:","value":["125 g"]},{"key":"Ursprungsland/Herkunftsort:","value":["Sorgfältig hergestellt in Italien"]},{"key":"Kontakt:","value":["SPAR Österr. Warenhandels-AG","Europastraße 3, 5015 Salzburg, Österreich","office@spar.at"]}],"nutritions":[{"key":"","value":"Unzubereitet"},{"key":" ","value":"100 g"},{"key":"Energie","value":"784 kJ | 188 kcal"},{"key":"Fett","value":"12 g"},{"key":"Fett, davon gesättigte Fettsäuren","value":"8,4 g"},{"key":"Kohlenhydrate","value":"1 g"},{"key":"Kohlenhydrate, davon Zucker","value":"1 g"},{"key":"Ballaststoffe","value":"0 g"},{"key":"Eiweiß","value":"19 g"},{"key":"Salz","value":"0,45 g"},{"key":"Kalzium","value":"365 mg | 46 %"},{"key":"Phosphor","value":"235 mg | 34 %"},{"key":"Broteinheiten","value":"0,1 BE"},{"key":"","value":"Unzubereitet"},{"key":" ","value":"Portion (125 g)"},{"key":"Energie","value":"980 kJ | 235 kcal | 12 %"},{"key":"Fett","value":"15 g | 21 %"},{"key":"Fett, davon gesättigte Fettsäuren","value":"11 g | 53 %"},{"key":"Kohlenhydrate","value":"1,3 g | 0 %"},{"key":"Kohlenhydrate, davon Zucker","value":"1,3 g | 1 %"},{"key":"Ballaststoffe","value":"0 g"},{"key":"Eiweiß","value":"24 g | 48 %"},{"key":"Salz","value":"0,6 g | 9 %"},{"key":"Kalzium","value":"456,25 mg | 57 %"},{"key":"Phosphor","value":"293,75 mg | 42 %"},{"key":"Broteinheiten","value":"0,1 BE"}],"tags":["Gekühlt"]},
    {"url":"https://www.interspar.at/shop/lebensmittel/p/2020001547876","data":[{"key":"price","value":"2,99 €"},{"key":"oldPrice","value":"\n\t\t\t\t\t\n\t\t\t\t\t \n\t\t\t\t"},{"key":"pricePerUnit","value":"(11.96 €/kg)"},{"key":"productDetailsName","value":"DESPAR - Scamorza Affumicata - 250 G"},{"key":"detailsDescription","value":"250 G"},{"key":"articleNumber","value":"Artikelnummer: 2020001547876"},{"key":"Lagerhinweis:","value":["Vor und nach dem Öffnen gekühlt bei +4°C lagern. Nach dem Öffnen alsbald genießen."]},{"key":"Zutaten:","value":["Zutaten: MILCH, Salz, Lab, Milchsäurebakterien, Säureregulator: Citronensäure, Rauch. In Großbuchstaben angegebene Zutaten enthalten allergene Inhaltsstoffe."]},{"key":"Allergene:","value":["Enthält:Milch und daraus gewonnene Erzeugnisse (inkl. Laktose)"]},{"key":"Identitätskennzeichen:","value":["IT 03 159 CE"]},{"key":"Ursprungsland/Herkunftsort:","value":["Hergestellt in Italien"]},{"key":"Kontakt:","value":["SPAR Österr. Warenhandels-AG","Europastraße 3, 5015 Salzburg, Österreich","office@spar.at"]}],"nutritions":[{"key":"","value":"Unzubereitet"},{"key":" ","value":"100 g"},{"key":"Energie","value":"1359 kJ | 327 kcal"},{"key":"Fett","value":"25 g"},{"key":"Fett, davon gesättigte Fettsäuren","value":"15,2 g"},{"key":"Kohlenhydrate","value":"0,7 g"},{"key":"Kohlenhydrate, davon Zucker","value":"0,7 g"},{"key":"Ballaststoffe","value":"0 g"},{"key":"Eiweiß","value":"24,8 g"},{"key":"Salz","value":"1,2 g"}],"tags":["Gekühlt"]},
    {"url":"https://www.interspar.at/shop/lebensmittel/p/2020001633470","data":[{"key":"price","value":"2,49 €"},{"key":"oldPrice","value":"\n\t\t\t\t\t\n\t\t\t\t\t \n\t\t\t\t"},{"key":"pricePerUnit","value":"(16.60 €/kg)"},{"key":"productDetailsName","value":"Galbani - Mozzarella Cucina Pizza Speciale - 150 G"},{"key":"detailsDescription","value":"150 G"},{"key":"articleNumber","value":"Artikelnummer: 2020001633470"},{"key":"Lagerhinweis:","value":["Bei +4°C bis +7°C lagern."]},{"key":"Zutaten:","value":["Zutaten: Pasteurisierte MILCH (EU), Salz, mikrobielles Lab, Kartoffelstärke. In Großbuchstaben angegebene Zutaten enthalten allergene Inhaltsstoffe."]},{"key":"Allergene:","value":["Enthält:Milch und daraus gewonnene Erzeugnisse (inkl. Laktose)"]},{"key":"Identitätskennzeichen:","value":["FR 44.023.001 CE"]},{"key":"Kontakt:","value":["S.p.A. Egidio Galbani","Via Flavio Gioia 8, 20149 Mailand, Italien"]}],"nutritions":[{"key":"","value":"Zubereitet"},{"key":" ","value":"100 g"},{"key":"Energie","value":"1333 kJ | 321 kcal"},{"key":"Fett","value":"25 g"},{"key":"Fett, davon gesättigte Fettsäuren","value":"17,2 g"},{"key":"Kohlenhydrate","value":"2 g"},{"key":"Kohlenhydrate, davon Zucker","value":"1 g"},{"key":"Ballaststoffe","value":"0 g"},{"key":"Eiweiß","value":"22 g"},{"key":"Salz","value":"1 g"},{"key":"Broteinheiten","value":"0,2 BE"}],"tags":["Gekühlt"]},
    {"url":"https://www.interspar.at/shop/lebensmittel/p/2020001655106","data":[{"key":"price","value":"3,19 €"},{"key":"oldPrice","value":"\n\t\t\t\t\t\n\t\t\t\t\t \n\t\t\t\t"},{"key":"pricePerUnit","value":"(22.79 €/kg)"},{"key":"productDetailsName","value":"Die Käsemacher - Peppersweet Hummus - 140 G"},{"key":"detailsDescription","value":"140 G"},{"key":"articleNumber","value":"Artikelnummer: 2020001655106"},{"key":"Lagerhinweis:","value":["Nach dem Öffnen innerhalb von 3 Tagen aufbrauchen. Ungeöffnet und gekühlt (bei +4°C bis +7°C)."]},{"key":"Zutaten:","value":["Zutaten: 38% Milde Kirschpaprika, 33% Hummus (Kichererbsen gekocht, Wasser, Kartoffelflocken, Sonnenblumenöl, SESAMPASTE, Speisesalz, Gewürze), 29% Rapsöl. In Großbuchstaben angegebene Zutaten enthalten allergene Inhalsstoffe."]},{"key":"Allergene:","value":["Enthält:Sesamsamen und daraus gewonnene Erzeugnisse"]},{"key":"Identitätskennzeichen:","value":["AT 30209 EG"]},{"key":"Verbrauchen nach dem Öffnen:","value":["3 Tage"]},{"key":"Kontakt:","value":["Die Käsemacher","Europastraße 5, 3902 Vitis, Österreich"]}],"nutritions":[{"key":"","value":"Unzubereitet"},{"key":" ","value":"100 g"},{"key":"Energie","value":"936 kJ | 224 kcal"},{"key":"Fett","value":"12 g"},{"key":"Fett, davon gesättigte Fettsäuren","value":"1 g"},{"key":"Kohlenhydrate","value":"23 g"},{"key":"Kohlenhydrate, davon Zucker","value":"14 g"},{"key":"Ballaststoffe","value":"3,5 g"},{"key":"Eiweiß","value":"3,5 g"},{"key":"Salz","value":"0,51 g"},{"key":"Broteinheiten","value":"1,9 BE"}],"tags":["Gekühlt"]},
    {"url":"https://www.interspar.at/shop/lebensmittel/p/2020001713363","data":[{"key":"price","value":"1,49 €"},{"key":"oldPrice","value":"\n\t\t\t\t\t\n\t\t\t\t\tstatt 1,99 €\n\t\t\t\t"},{"key":"pricePerUnit","value":"(9.93 €/kg)"},{"key":"productDetailsName","value":"Bresso Balance - Kräuter der Provence - 150 G"},{"key":"detailsDescription","value":"150 G"},{"key":"articleNumber","value":"Artikelnummer: 2020001713363"},{"key":"Lagerhinweis:","value":["Gekühlt mindestens haltbar bis: s. Boden"]},{"key":"Zutaten:","value":["Zutaten: FRISCHKÄSE, CRÉME FRAÎCHE, BUTTER, Wasser, Speisesalz, Kräuter, Gewürze, Zucker, Verdickungsmittel: Carboxymethylcellulose, Speisegelatine, natürliche Aromen, Säuerungsmittel Citronensäure. Mit Stickstoff aufgeschlagen. In Großbuchstaben angegebene Zutaten enthalten allergene Inhaltsstoffe."]},{"key":"Allergene:","value":["Enthält:Milch und daraus gewonnene Erzeugnisse (inkl. Laktose)"]},{"key":"Identitätskennzeichen:","value":["DE BY 714 EG"]},{"key":"Kontakt:","value":["Edelweiss GmbH & Co. KG","D-87435 Kempten"]}],"nutritions":[],"tags":["Gekühlt"]},
    {"url":"https://www.interspar.at/shop/lebensmittel/p/2020001719907","data":[{"key":"price","value":"1,99 €"},{"key":"oldPrice","value":"\n\t\t\t\t\t\n\t\t\t\t\t \n\t\t\t\t"},{"key":"pricePerUnit","value":"(13.27 €/kg)"},{"key":"productDetailsName","value":"SPAR free from - griechischer Käse - 150 G"},{"key":"detailsDescription","value":"150 G"},{"key":"articleNumber","value":"Artikelnummer: 2020001719907"},{"key":"Lagerhinweis:","value":["Vor und nach dem Öffnen zwischen +2°C - +6°C gekühlt lagern. Nach dem Öffnen innerhalb von 3 Tagen genießen."]},{"key":"Zutaten:","value":["Zutaten: SCHAFMILCH 70%, ZIEGENMILCH 27%, Speisesalz jodiert (Speisesalz, Natriumjodid), mikrobielles Lab, Käsereikulturen. In Großbuchstaben angegebene Zutaten enthalten allergene Inhaltsstoffe."]},{"key":"Allergene:","value":["Enthält:Milch und daraus gewonnene Erzeugnisse (inkl. Laktose)"]},{"key":"","value":["Laktosefrei"]},{"key":"Identitätskennzeichen:","value":["GR 46.2191 EC"]},{"key":"Kontakt:","value":["SPAR Österr. Warenhandels-AG","Europastraße 3, 5015 Salzburg, Österreich","office@spar.at"]}],"nutritions":[{"key":"","value":"Unzubereitet"},{"key":" ","value":"100 g"},{"key":"Energie","value":"1143 kJ | 276 kcal"},{"key":"Fett","value":"23 g"},{"key":"Fett, davon gesättigte Fettsäuren","value":"17 g"},{"key":"Kohlenhydrate","value":"0,7 g"},{"key":"Kohlenhydrate, davon Zucker","value":"0,7 g"},{"key":"Ballaststoffe","value":"0 g"},{"key":"Eiweiß","value":"17 g"},{"key":"Salz","value":"2,3 g"},{"key":"Broteinheiten","value":"0,06 BE"}],"tags":["Gekühlt","Lactosefrei"]},
    {"url":"https://www.interspar.at/shop/lebensmittel/p/2020001806386","data":[{"key":"price","value":"1,59 €"},{"key":"oldPrice","value":"\n\t\t\t\t\t\n\t\t\t\t\t \n\t\t\t\t"},{"key":"pricePerUnit","value":"(9.09 €/kg)"},{"key":"productDetailsName","value":"Philadelphia - mit Milka - 175 G"},{"key":"detailsDescription","value":"175 G"},{"key":"articleNumber","value":"Artikelnummer: 2020001806386"}],"nutritions":[],"tags":["Gekühlt"]},
    {"url":"https://www.interspar.at/shop/lebensmittel/p/2020001850778","data":[{"key":"price","value":"3,19 €"},{"key":"oldPrice","value":"\n\t\t\t\t\t\n\t\t\t\t\t \n\t\t\t\t"},{"key":"pricePerUnit","value":"(22.79 €/kg)"},{"key":"productDetailsName","value":"Die Käsemacher - Peppersweet mit Mango Curry Frischkäse - 140 G"},{"key":"detailsDescription","value":"140 G"},{"key":"articleNumber","value":"Artikelnummer: 2020001850778"},{"key":"Lagerhinweis:","value":["Gekühlt (bei +4 bis +7°C) lagern. Nach dem Öffnen innerhalb von 3 Tagen aufbrauchen."]},{"key":"Zutaten:","value":["Zutaten: 38% Milde Kirschpaprika  33% Frischkäse aus pasteurisierter Kuhmilch  29% Rapsöl   Mango, Aroma (Mango)  Zucker, Zitronensaft, Gewürzmarinade, Speisesalz, Safflorextrakt; Guarkernmehl  E412 Kaliumsorbat  E202 Zitronensäure   E 330. In Großbuchstaben angegebene Zutaten enthalten allergene Inhaltsstoffe."]},{"key":"Allergene:","value":["Enthält:Milch und daraus gewonnene Erzeugnisse (inkl. Laktose)"]},{"key":"Identitätskennzeichen:","value":["AT 30209 EG"]},{"key":"Kontakt:","value":["Die Käsemacher","Europastraße 5, 3902 Vitis, Österreich"]}],"nutritions":[{"key":"","value":"Unzubereitet"},{"key":"Energie","value":"1089 kJ | 262 kcal"},{"key":"Fett","value":"19 g"},{"key":"Fett, davon gesättigte Fettsäuren","value":"14 g"},{"key":"Kohlenhydrate","value":"7,8 g"},{"key":"Kohlenhydrate, davon Zucker","value":"7,4 g"},{"key":"Ballaststoffe","value":"0 g"},{"key":"Eiweiß","value":"14 g"},{"key":"Salz","value":"1,1 g"},{"key":"Broteinheiten","value":"0,7 BE"}],"tags":["Gekühlt"]},
    {"url":"https://www.interspar.at/shop/lebensmittel/p/2020001876617","data":[{"key":"price","value":"1,69 €"},{"key":"oldPrice","value":"\n\t\t\t\t\t\n\t\t\t\t\t \n\t\t\t\t"},{"key":"pricePerUnit","value":"(12.07 €/kg)"},{"key":"productDetailsName","value":"Philadelphia - Mousse Klassisch - 140 G"},{"key":"detailsDescription","value":"140 G"},{"key":"articleNumber","value":"Artikelnummer: 2020001876617"}],"nutritions":[],"tags":["Gekühlt"]},
    {"url":"https://www.interspar.at/shop/lebensmittel/p/2020001876624","data":[{"key":"price","value":"1,69 €"},{"key":"oldPrice","value":"\n\t\t\t\t\t\n\t\t\t\t\t \n\t\t\t\t"},{"key":"pricePerUnit","value":"(12.07 €/kg)"},{"key":"productDetailsName","value":"Philadelphia - Mousse Kräuter - 140 G"},{"key":"detailsDescription","value":"140 G"},{"key":"articleNumber","value":"Artikelnummer: 2020001876624"}],"nutritions":[],"tags":["Gekühlt"]},
    {"url":"https://www.interspar.at/shop/lebensmittel/p/2020001898237","data":[{"key":"price","value":"1,69 €"},{"key":"oldPrice","value":"\n\t\t\t\t\t\n\t\t\t\t\t \n\t\t\t\t"},{"key":"pricePerUnit","value":"(12.07 €/kg)"},{"key":"productDetailsName","value":"Philadelphia - Mousse Basilikum & Pinienkern - 140 G"},{"key":"detailsDescription","value":"140 G"},{"key":"articleNumber","value":"Artikelnummer: 2020001898237"}],"nutritions":[],"tags":["Gekühlt"]},
    {"url":"https://www.interspar.at/shop/lebensmittel/p/2121048","data":[{"key":"price","value":"1,59 €"},{"key":"oldPrice","value":"\n\t\t\t\t\t\n\t\t\t\t\t \n\t\t\t\t"},{"key":"pricePerUnit","value":"(9.09 €/kg)"},{"key":"productDetailsName","value":"Philadelphia Balance - Feta & Gurke - 175 G"},{"key":"detailsDescription","value":"175 G"},{"key":"articleNumber","value":"Artikelnummer: 2121048"},{"key":"Lagerhinweis:","value":["Gekühlt lagern."]},{"key":"Zutaten:","value":["Zutaten: FRISCHKÄSE, Molkenerzeugnisse (aus MILCH), Gurkenstückchen (6%), Feta (2%) (enthält SCHAFS- und ZIEGENMILCH), Speisesalz, Verdickungsmittel: Johannisbrotkernmehl, Carrageen; Zwiebel, Knoblauch, modifizierte Stärke, Säuerungsmittel: Citronensäure, Milchsäure; Aromen, Pfeffer. In Großbuchstaben angegebene Zutaten enthalten allergene Inhaltsstoffe."]},{"key":"Allergene:","value":["Enthält:Milch und daraus gewonnene Erzeugnisse (inkl. Laktose)"]},{"key":"","value":["Fettreduziert: Mindestens 40% weniger Fett als Philadelphia Doppelrahmstufe"]},{"key":"Identitätskennzeichen:","value":["DE NI 12060 EG"]},{"key":"Kontakt:","value":["Mondelez Österreich GmbH","Jacobsgasse 3, 1140 Wien, Österreich"]}],"nutritions":[{"key":"","value":"Unzubereitet"},{"key":" ","value":"100 g"},{"key":"Energie","value":"586 kJ | 141 kcal"},{"key":"Fett","value":"10 g"},{"key":"Fett, davon gesättigte Fettsäuren","value":"6,4 g"},{"key":"Kohlenhydrate","value":"4,9 g"},{"key":"Kohlenhydrate, davon Zucker","value":"4,6 g"},{"key":"Ballaststoffe","value":"0,5 g"},{"key":"Eiweiß","value":"6,9 g"},{"key":"Salz","value":"1,18 g"},{"key":"","value":"Unzubereitet"},{"key":" ","value":"Portion (30 g)"},{"key":"Energie","value":"176 kJ | 42 kcal | 2 %"},{"key":"Fett","value":"3 g | 4 %"},{"key":"Fett, davon gesättigte Fettsäuren","value":"1,9 g | 10 %"},{"key":"Kohlenhydrate","value":"1,5 g | 1 %"},{"key":"Kohlenhydrate, davon Zucker","value":"1,4 g | 2 %"},{"key":"Ballaststoffe","value":"0,1 g"},{"key":"Eiweiß","value":"2,1 g | 4 %"},{"key":"Salz","value":"0,35 g | 6 %"}],"tags":["Gekühlt","Glutenfrei"]},
    {"url":"https://www.interspar.at/shop/lebensmittel/p/2276793","data":[{"key":"price","value":"1,99 €"},{"key":"oldPrice","value":"\n\t\t\t\t\t\n\t\t\t\t\t \n\t\t\t\t"},{"key":"pricePerUnit","value":"(23.69 €/kg)"},{"key":"productDetailsName","value":"Kerry - Cheestrings milde Käsestangen 4 x 21g - 84 G"},{"key":"detailsDescription","value":"84 G"},{"key":"articleNumber","value":"Artikelnummer: 2276793"},{"key":"Zutaten:","value":["Zutaten: MILCH 96%, Salz, Säureregulatoren (Citronensäure, Milchsäure), Mikrobieller Labersatzstoff, Starkerkulturen (MILCH). In Großbuchstaben angegebene Zutaten enthalten allergene Inhaltsstoffe."]},{"key":"Allergene:","value":["Enthält:Milch und daraus gewonnene Erzeugnisse (inkl. Laktose)"]},{"key":"Identitätskennzeichen:","value":["IE 1057 EC"]},{"key":"Kontakt:","value":["Privatmolkerei Bauer GmbH & Co. KG","Molkerei-Bauer-Straße 10, 83512 Wasserburg am Inn, Deutschland"]}],"nutritions":[{"key":"","value":"Unzubereitet"},{"key":" ","value":"100 g"},{"key":"Energie","value":"1264 kJ | 304 kcal"},{"key":"Fett","value":"22,5 g"},{"key":"Fett, davon gesättigte Fettsäuren","value":"14,2 g"},{"key":"Kohlenhydrate","value":"2,5 g"},{"key":"Kohlenhydrate, davon Zucker","value":"1 g"},{"key":"Eiweiß","value":"23 g"},{"key":"Salz","value":"1,9 g"}],"tags":["Gekühlt","Glutenfrei"]},
    {"url":"https://www.interspar.at/shop/lebensmittel/p/2403526","data":[{"key":"price","value":"1,29 €"},{"key":"oldPrice","value":"\n\t\t\t\t\t\n\t\t\t\t\t \n\t\t\t\t"},{"key":"pricePerUnit","value":"(10.32 €/kg)"},{"key":"productDetailsName","value":"SPAR free from - Mozzarella - 125 G"},{"key":"detailsDescription","value":"125 G"},{"key":"articleNumber","value":"Artikelnummer: 2403526"},{"key":"Lagerhinweis:","value":["Gekühlt lagern!"]},{"key":"Zutaten:","value":["Zutaten: Pasteurisierte KUHMILCH, Salz, Lab, Milchsäurebakterien. In Großbuchstaben angegebene Zutaten enthalten allergene Inhaltsstoffe."]},{"key":"Allergene:","value":["Enthält:Milch und daraus gewonnene Erzeugnisse (inkl. Laktose)"]},{"key":"","value":["Laktosefrei"]},{"key":"Identitätskennzeichen:","value":["IT 08 5 CE"]},{"key":"Abtropfgewicht:","value":["125 g"]},{"key":"Ursprungsland/Herkunftsort:","value":["Sorgfältig hergestellt in Italien"]},{"key":"Kontakt:","value":["SPAR Österr. Warenhandels-AG","Europastraße 3, 5015 Salzburg, Österreich"]}],"nutritions":[{"key":"","value":"Unzubereitet"},{"key":" ","value":"100 g"},{"key":"Energie","value":"909 kJ | 219 kcal"},{"key":"Fett","value":"16 g"},{"key":"Fett, davon gesättigte Fettsäuren","value":"11 g"},{"key":"Kohlenhydrate","value":"0,3 g"},{"key":"Kohlenhydrate, davon Zucker","value":"0,1 g"},{"key":"Ballaststoffe","value":"0,7 g"},{"key":"Eiweiß","value":"18 g"},{"key":"Salz","value":"0,6 g"},{"key":"Broteinheiten","value":"0 BE"},{"key":"Laktose","value":"< 0,1 g"}],"tags":["Gekühlt","Lactosefrei"]},
    {"url":"https://www.interspar.at/shop/lebensmittel/p/2446691","data":[{"key":"price","value":"1,39 €"},{"key":"oldPrice","value":"\n\t\t\t\t\t\n\t\t\t\t\t \n\t\t\t\t"},{"key":"pricePerUnit","value":"(6.95 €/kg)"},{"key":"productDetailsName","value":"Exquisa - Frischkäse Natur - 200 G"},{"key":"detailsDescription","value":"200 G"},{"key":"articleNumber","value":"Artikelnummer: 2446691"},{"key":"Lagerhinweis:","value":["Nach dem Öffnen alsbald verzehren"]},{"key":"Zutaten:","value":["Zutaten: FRISCHKÄSE (MILCH, RAHM), SAHNEJOGHURT, Speisesalz. In Großbuchstaben angegebene Zutaten enthalten allergene Inhaltsstoffe."]},{"key":"Allergene:","value":["Enthält:Milch und daraus gewonnene Erzeugnisse (inkl. Laktose)"]},{"key":"Identitätskennzeichen:","value":["DE BY 706 EG"]},{"key":"Verwendungshinweis:","value":["Nach dem Öffnen alsbald verzehren"]},{"key":"Kontakt:","value":["Karwendel","D-86802 Buchloe"]}],"nutritions":[{"key":"","value":"Unzubereitet"},{"key":"Energie","value":"1021 kJ | 247 kcal"},{"key":"Fett","value":"23,7 g"},{"key":"Fett, davon gesättigte Fettsäuren","value":"16,3 g"},{"key":"Kohlenhydrate","value":"3 g"},{"key":"Kohlenhydrate, davon Zucker","value":"3 g"},{"key":"Eiweiß","value":"5,5 g"},{"key":"Salz","value":"0,78 g"}],"tags":["Gekühlt","Glutenfrei"]},
    {"url":"https://www.interspar.at/shop/lebensmittel/p/2541419","data":[{"key":"price","value":"2,89 €"},{"key":"oldPrice","value":"\n\t\t\t\t\t\n\t\t\t\t\t \n\t\t\t\t"},{"key":"pricePerUnit","value":"(19.27 €/kg)"},{"key":"productDetailsName","value":"Chavroux - Weichkäse Feige - 150 G"},{"key":"detailsDescription","value":"150 G"},{"key":"articleNumber","value":"Artikelnummer: 2541419"},{"key":"Lagerhinweis:","value":["Bei +2°C bis +8°C lagern."]},{"key":"Zutaten:","value":["Zutaten: FRISCHKÄSE aus ZIEGENMILCH, Feigen (6%), Zucker, Reismehl, Speisesalz. In Großbuchstaben angegebene Zutaten enthalten allergene Inhaltsstoffe."]},{"key":"Allergene:","value":["Kann Spuren von Kuhmilch enthalten.","Kann Spuren enthalten von:Milch und daraus gewonnene Erzeugnisse (inkl. Laktose)","Enthält:Milch und daraus gewonnene Erzeugnisse (inkl. Laktose)"]},{"key":"Identitätskennzeichen:","value":["FR 16 277 001 CE"]},{"key":"Ursprungsland/Herkunftsort:","value":["Frankreich"]},{"key":"Kontakt:","value":["Chavroux","PF 45, 1104 Wien, Österreich"]}],"nutritions":[],"tags":["Gekühlt","Glutenfrei"]},
    {"url":"https://www.interspar.at/shop/lebensmittel/p/3043653","data":[{"key":"price","value":"1,99 €"},{"key":"oldPrice","value":"\n\t\t\t\t\t\n\t\t\t\t\t \n\t\t\t\t"},{"key":"pricePerUnit","value":"(19.90 €/kg)"},{"key":"productDetailsName","value":"Bonbel - Butterkäse natur - 1 KG"},{"key":"detailsDescription","value":"1 KG"},{"key":"articleNumber","value":"Artikelnummer: 3043653"},{"key":"Lagerhinweis:","value":["Bei +4°C - +8°C lagern."]},{"key":"Zutaten:","value":["Zutaten: MILCH, Salz, Milchsäurebakterien, mikrobielles Lab, Farbstoff: Annatto. In Großbuchstaben angegebene Zutaten enthalten allergene Inhaltsstoffe."]},{"key":"Allergene:","value":["Enthält:Milch und daraus gewonnene Erzeugnisse (inkl. Laktose)"]},{"key":"","value":["Laktosefrei"]},{"key":"Identitätskennzeichen:","value":["FR 55.119.001 CE"]},{"key":"Ursprungsland/Herkunftsort:","value":["Frankreich"]},{"key":"Kontakt:","value":["Fromageries Bel Österreich","Wehlistraße 27b, Stiege 1, Tür 6, 1200 Wien, Österreich"]}],"nutritions":[{"key":" ","value":"100 g"},{"key":"","value":"Unzubereitet"},{"key":"Energie","value":"1430 kJ | 345 kcal"},{"key":"Fett","value":"28,5 g"},{"key":"Fett, davon gesättigte Fettsäuren","value":"19,5 g"},{"key":"Kohlenhydrate","value":"0,1 g"},{"key":"Kohlenhydrate, davon Zucker","value":"0,1 g"},{"key":"Ballaststoffe","value":"0 g"},{"key":"Eiweiß","value":"22 g"},{"key":"Salz","value":"1,8 g"}],"tags":["Gekühlt","Lactosefrei"]},
    {"url":"https://www.interspar.at/shop/lebensmittel/p/3045541","data":[{"key":"price","value":"1,04 €"},{"key":"oldPrice","value":"\n\t\t\t\t\t\n\t\t\t\t\t \n\t\t\t\t"},{"key":"pricePerUnit","value":"(20.90 €/kg)"},{"key":"productDetailsName","value":"Fol Epi - Schnittkäse - 1 KG"},{"key":"detailsDescription","value":"1 KG"},{"key":"articleNumber","value":"Artikelnummer: 3045541"},{"key":"Zutaten:","value":["Zutaten: PASTEURISIERTE KUHMILCH, Käserei Kulturen, Speisesalz, Konservierungsstoff Natamycin in der Rinde, Kunststoffüberzug nicht zum Verzehr geeignet, enthält Reismehl."]},{"key":"Allergene:","value":["Enthält:Milch und daraus gewonnene Erzeugnisse (inkl. Laktose)"]}],"nutritions":[{"key":"","value":"Zubereitet"},{"key":" ","value":"100 g"},{"key":"Energie","value":"1498 kJ | 361 kcal"},{"key":"Fett","value":"29 g"},{"key":"Fett, davon gesättigte Fettsäuren","value":"20 g"},{"key":"Kohlenhydrate","value":"0,5 g"},{"key":"Kohlenhydrate, davon Zucker","value":"0,5 g"},{"key":"Ballaststoffe","value":"0 g"},{"key":"Eiweiß","value":"25 g"},{"key":"Salz","value":"1,6 g"}],"tags":["Gekühlt","Glutenfrei"]},
    {"url":"https://www.interspar.at/shop/lebensmittel/p/3045558","data":[{"key":"price","value":"0,90 €"},{"key":"oldPrice","value":"\n\t\t\t\t\t\n\t\t\t\t\t \n\t\t\t\t"},{"key":"pricePerUnit","value":"(17.90 €/kg)"},{"key":"productDetailsName","value":"Galbani - Bel Paese - 1 KG"},{"key":"detailsDescription","value":"1 KG"},{"key":"articleNumber","value":"Artikelnummer: 3045558"},{"key":"Lagerhinweis:","value":["Gekühlt lagern bei 4°-7°C."]},{"key":"Zutaten:","value":["Zutaten: MILCH, Salz, Lab, Konservierungsstoff: Natamycin*. *in der Rinde. In Großbuchstaben angegebene Zutaten enthalten allergene Inhaltsstoffe."]},{"key":"Allergene:","value":["Enthält:Milch und daraus gewonnene Erzeugnisse (inkl. Laktose)"]},{"key":"Identitätskennzeichen:","value":["IT 03 2 CE"]},{"key":"Kontakt:","value":["S.p.A Egidio Galbani","Via Flavio Gipia, 8 - 20149 Milano (MI) / Stabilimento di Giussago (PV) Piazza Stazione, 5/7, Italien"]}],"nutritions":[{"key":"","value":"Unzubereitet"},{"key":" ","value":"100 g"},{"key":"Energie","value":"1395 kJ | 336 kcal"},{"key":"Fett","value":"26,5 g"},{"key":"Fett, davon gesättigte Fettsäuren","value":"18 g"},{"key":"Kohlenhydrate","value":"2,4 g"},{"key":"Kohlenhydrate, davon Zucker","value":"0,8 g"},{"key":"Ballaststoffe","value":"0 g"},{"key":"Eiweiß","value":"22 g"},{"key":"Salz","value":"1,7 g"},{"key":"Broteinheiten","value":"0,2 BE"}],"tags":["Gekühlt","Glutenfrei"]},
    {"url":"https://www.interspar.at/shop/lebensmittel/p/3046357","data":[{"key":"price","value":"0,99 €"},{"key":"oldPrice","value":"\n\t\t\t\t\t\n\t\t\t\t\tstatt 1,39 €\n\t\t\t\t"},{"key":"pricePerUnit","value":"(7.92 €/kg)"},{"key":"productDetailsName","value":"Galbani - Mozzarella - 125 G"},{"key":"detailsDescription","value":"125 G"},{"key":"articleNumber","value":"Artikelnummer: 3046357"},{"key":"Lagerhinweis:","value":["Bei +4°C bis +7°C lagern."]},{"key":"Zutaten:","value":["Zutaten: MILCH, Salz, Lab, Säuerungsmittel: Citronensäure. In Großbuchstaben angegebene Zutaten enthalten allergene Inhaltsstoffe."]},{"key":"Allergene:","value":["Enthält:Milch und daraus gewonnene Erzeugnisse (inkl. Laktose)"]},{"key":"Identitätskennzeichen:","value":["IT 03 1 CE"]},{"key":"Abtropfgewicht:","value":["125 g"]},{"key":"Ursprungsland/Herkunftsort:","value":["Hergestellt in Italien"]},{"key":"Kontakt:","value":["S.p.A. Egidio Galbani","Via Flavio Gioia 8, 20149 Mailand, Italien"]}],"nutritions":[{"key":"","value":"Unzubereitet"},{"key":" ","value":"100 g"},{"key":"Energie","value":"989 kJ | 238 kcal"},{"key":"Fett","value":"18 g"},{"key":"Fett, davon gesättigte Fettsäuren","value":"12,5 g"},{"key":"Kohlenhydrate","value":"2 g"},{"key":"Kohlenhydrate, davon Zucker","value":"1 g"},{"key":"Eiweiß","value":"17 g"},{"key":"Salz","value":"0,7 g"}],"tags":["Glutenfrei"]},
    {"url":"https://www.interspar.at/shop/lebensmittel/p/3120682","data":[{"key":"price","value":"0,89 €"},{"key":"oldPrice","value":"\n\t\t\t\t\t\n\t\t\t\t\t \n\t\t\t\t"},{"key":"pricePerUnit","value":"(22.25 €/kg)"},{"key":"productDetailsName","value":"Fallini - Käse gerieben - 40 G"},{"key":"detailsDescription","value":"40 G"},{"key":"articleNumber","value":"Artikelnummer: 3120682"},{"key":"Lagerhinweis:","value":["Kühl und trocken lagern."]},{"key":"Zutaten:","value":["Zutaten: MILCH, Salz, Lab, Konservierungsstoff: Lysozym (aus EI). In Großbuchstaben angegebene Zutaten enthalten allergene Inhaltsstoffe."]},{"key":"Allergene:","value":["Enthält:Eier und daraus gewonnene Erzeugnisse, Milch und daraus gewonnene Erzeugnisse (inkl. Laktose)"]},{"key":"Identitätskennzeichen:","value":["IT 08 514 CE"]},{"key":"Kontakt:","value":["Fallini Formaggi srl","Via Verdi, 16, 42043 Gattatico, Italien"]}],"nutritions":[{"key":"","value":"Unzubereitet"},{"key":" ","value":"100 g"},{"key":"Energie","value":"1932 kJ | 467 kcal"},{"key":"Fett","value":"31,7 g"},{"key":"Fett, davon gesättigte Fettsäuren","value":"20,2 g"},{"key":"Kohlenhydrate","value":"2 g"},{"key":"Kohlenhydrate, davon Zucker","value":"1,8 g"},{"key":"Ballaststoffe","value":"0,4 g"},{"key":"Eiweiß","value":"42,2 g"},{"key":"Salz","value":"4 g"}],"tags":["Glutenfrei"]},
    {"url":"https://www.interspar.at/shop/lebensmittel/p/3225080","data":[{"key":"price","value":"2,29 €"},{"key":"oldPrice","value":"\n\t\t\t\t\t\n\t\t\t\t\t \n\t\t\t\t"},{"key":"pricePerUnit","value":"(11.45 €/kg)"},{"key":"productDetailsName","value":"Galbani - Mozzarella Maxi per Caprese - 200 G"},{"key":"detailsDescription","value":"200 G"},{"key":"articleNumber","value":"Artikelnummer: 3225080"},{"key":"Lagerhinweis:","value":["Bei +4°C bis +7°C lagern."]},{"key":"Zutaten:","value":["Zutaten: MILCH, Salz, Lab, Säuerungsmittel: Citronensäure. In Großbuchstaben angegebene Zutaten enthalten allergene Inhaltsstoffe."]},{"key":"Allergene:","value":["Enthält:Milch und daraus gewonnene Erzeugnisse (inkl. Laktose)"]},{"key":"Identitätskennzeichen:","value":["IT 031 CE"]},{"key":"Abtropfgewicht:","value":["200 g"]},{"key":"Ursprungsland/Herkunftsort:","value":["Hergestellt in Italien"]},{"key":"Kontakt:","value":["S.p.A. Egidio Galbani","Via Flavio Gioia 8, 20149 Mailand, Italien"]}],"nutritions":[],"tags":["Glutenfrei"]},
    {"url":"https://www.interspar.at/shop/lebensmittel/p/3388211","data":[{"key":"price","value":"1,65 €"},{"key":"oldPrice","value":"\n\t\t\t\t\t\n\t\t\t\t\t \n\t\t\t\t"},{"key":"pricePerUnit","value":"(6.60 €/kg)"},{"key":"productDetailsName","value":"Galbani - Ricotta - 250 G"},{"key":"detailsDescription","value":"250 G"},{"key":"articleNumber","value":"Artikelnummer: 3388211"},{"key":"Lagerhinweis:","value":["Bei +4°C bis +7°C lagern."]},{"key":"Zutaten:","value":["Zutaten: MOLKENEIWEISSKÄSE, Säuerungsmittel: Milchsäure, Citronensäure. In Großbuchstaben angegebene Zutaten enthalten allergene Inhaltsstoffe."]},{"key":"Allergene:","value":["Enthält:Milch und daraus gewonnene Erzeugnisse (inkl. Laktose)"]},{"key":"Identitätskennzeichen:","value":["IT 03 1 CE"]},{"key":"Ursprungsland/Herkunftsort:","value":["Hergestellt in Italien"]},{"key":"Kontakt:","value":["S.p.A. Egidio Galbani","Via Flavio Gioia 8, 20149 Mailand, Italien"]}],"nutritions":[],"tags":["Glutenfrei"]},
    {"url":"https://www.interspar.at/shop/lebensmittel/p/3401965","data":[{"key":"price","value":"2,89 €"},{"key":"oldPrice","value":"\n\t\t\t\t\t\n\t\t\t\t\t \n\t\t\t\t"},{"key":"pricePerUnit","value":"(19.27 €/kg)"},{"key":"productDetailsName","value":"Chavroux - Milder Ziegenkäse - 150 G"},{"key":"detailsDescription","value":"150 G"},{"key":"articleNumber","value":"Artikelnummer: 3401965"},{"key":"Zutaten:","value":["Zutaten: FRISCHKÄSE, Speisesalz. In Großbuchstaben angegebene Zutaten enthalten allergene Inhaltsstoffe."]},{"key":"Allergene:","value":["Kann Spuren von Kuhmilch enthalten.","Kann Spuren enthalten von:Milch und daraus gewonnene Erzeugnisse (inkl. Laktose)","Enthält:Milch und daraus gewonnene Erzeugnisse (inkl. Laktose)"]},{"key":"Identitätskennzeichen:","value":["FR 16 277 001 CE"]},{"key":"Kontakt:","value":["Chavroux","PF 45, 1104 Wien, Österreich"]}],"nutritions":[],"tags":["Gekühlt","Glutenfrei"]},
    {"url":"https://www.interspar.at/shop/lebensmittel/p/3870280","data":[{"key":"price","value":"0,90 €"},{"key":"oldPrice","value":"\n\t\t\t\t\t\n\t\t\t\t\t \n\t\t\t\t"},{"key":"pricePerUnit","value":"(17.90 €/kg)"},{"key":"productDetailsName","value":"Landana - Wasabi Käse - 1 KG"},{"key":"detailsDescription","value":"1 KG"},{"key":"articleNumber","value":"Artikelnummer: 3870280"},{"key":"Lagerhinweis:","value":["Gekühlt lagern bei 4-6°C."]},{"key":"Zutaten:","value":["Zutaten: pasteurisierte KUHMILCH, 2,5% (Meerrettich, Wasabi-Pulver (Meerrettich-Pulver, SENFPULVER, Wasabi japonica), SENFPULVER), Salz, Säurewecker, Lab, Aroma, Brennnessel- und Spinatkonzentrat, Konservieringsstoffe: Natriumnitrat, Natamycin*. *in der Rinde. In Großbuchstaben angegebene Zutaten enthalten allergene Inhaltsstoffe."]},{"key":"Allergene:","value":["Enthält:Milch und daraus gewonnene Erzeugnisse (inkl. Laktose), Senf und daraus gewonnene Erzeugnisse"]},{"key":"Identitätskennzeichen:","value":["NL Z0502 EG"]},{"key":"Kontakt:","value":["Interfood Lebensmittel GH GmbH","Innsbruckerstraße 77, 6060 Hall in Tirol, Österreich"]}],"nutritions":[{"key":"","value":"Unzubereitet"},{"key":" ","value":"100 g"},{"key":"Energie","value":"1562 kJ | 373 kcal"},{"key":"Fett","value":"31,3 g"},{"key":"Fett, davon gesättigte Fettsäuren","value":"19,7 g"},{"key":"Kohlenhydrate","value":"0,1 g"},{"key":"Kohlenhydrate, davon Zucker","value":"0,1 g"},{"key":"Ballaststoffe","value":"0 g"},{"key":"Eiweiß","value":"22,9 g"},{"key":"Salz","value":"0,81 g"}],"tags":["Gekühlt"]},
    {"url":"https://www.interspar.at/shop/lebensmittel/p/5538805","data":[{"key":"price","value":"0,90 €"},{"key":"oldPrice","value":"\n\t\t\t\t\t\n\t\t\t\t\t \n\t\t\t\t"},{"key":"pricePerUnit","value":"(17.90 €/kg)"},{"key":"productDetailsName","value":"President - Ziegenrolle Natur - 1 KG"},{"key":"detailsDescription","value":"1 KG"},{"key":"articleNumber","value":"Artikelnummer: 5538805"},{"key":"Lagerhinweis:","value":["Gekühlt lagern bei +4° - 8°C."]},{"key":"Zutaten:","value":["Zutaten: pasteurisierte ZIEGENMILCH, Salz, Lab. In Großbuchstaben angegebene Zutaten enthalten allergene Inhaltsstoffe."]},{"key":"Allergene:","value":["Enthält:Milch und daraus gewonnene Erzeugnisse (inkl. Laktose)"]},{"key":"Identitätskennzeichen:","value":["FR 79.299.001 CE"]},{"key":"Ursprungsland/Herkunftsort:","value":["Frankreich"]},{"key":"Kontakt:","value":["SNC Societe Fromagere de Riblaire","16 rue Cour Chauveau - 79330 Saint-Varent, Frankreich"]}],"nutritions":[{"key":"","value":"Unzubereitet"},{"key":" ","value":"100 g"},{"key":"Energie","value":"1083 kJ | 261 kcal"},{"key":"Fett","value":"21 g"},{"key":"Fett, davon gesättigte Fettsäuren","value":"15 BE"},{"key":"Kohlenhydrate","value":"2 g"},{"key":"Kohlenhydrate, davon Zucker","value":"2 g"},{"key":"Ballaststoffe","value":"0 g"},{"key":"Eiweiß","value":"16 g"},{"key":"Salz","value":"1,5 g"},{"key":"Broteinheiten","value":"0,2 BE"}],"tags":["Gekühlt","Glutenfrei"]},
    {"url":"https://www.interspar.at/shop/lebensmittel/p/5745630","data":[{"key":"price","value":"2,69 €"},{"key":"oldPrice","value":"\n\t\t\t\t\t\n\t\t\t\t\t \n\t\t\t\t"},{"key":"pricePerUnit","value":"(17.93 €/kg)"},{"key":"productDetailsName","value":"Patros - Feta - 150 G"},{"key":"detailsDescription","value":"150 G"},{"key":"articleNumber","value":"Artikelnummer: 5745630"},{"key":"Lagerhinweis:","value":["Bei +4 bis +8°C lagern."]},{"key":"Zutaten:","value":["Zutaten: SCHAFMILCH, ZIEGENMILCH, Salz, Lab, Kulturen. In Großbuchstaben angegebene Zutaten enthalten allergene Inhaltsstoffe."]},{"key":"Allergene:","value":["Enthält:Milch und daraus gewonnene Erzeugnisse (inkl. Laktose)"]},{"key":"Identitätskennzeichen:","value":["GR 35.2164 EC"]},{"key":"Kontakt:","value":["Patros","Kemptener Straße 17, 88178 Heimenkirch, Deutschland"]}],"nutritions":[{"key":"","value":"Unzubereitet"},{"key":" ","value":"100 g"},{"key":"Energie","value":"1189 kJ | 287 kcal"},{"key":"Fett","value":"24 g"},{"key":"Fett, davon gesättigte Fettsäuren","value":"16 g"},{"key":"Kohlenhydrate","value":"0,2 g"},{"key":"Kohlenhydrate, davon Zucker","value":"0,2 g"},{"key":"Ballaststoffe","value":"< 0,1 g"},{"key":"Eiweiß","value":"17,5 g"},{"key":"Salz","value":"2,4 g"}],"tags":["Gekühlt","Glutenfrei"]},
    {"url":"https://www.interspar.at/shop/lebensmittel/p/5811540","data":[{"key":"price","value":"3,99 €"},{"key":"oldPrice","value":"\n\t\t\t\t\t\n\t\t\t\t\t \n\t\t\t\t"},{"key":"pricePerUnit","value":"(9.98 €/kg)"},{"key":"productDetailsName","value":"Galbani - Mozzarella Cucina - 400 G"},{"key":"detailsDescription","value":"400 G"},{"key":"articleNumber","value":"Artikelnummer: 5811540"},{"key":"Lagerhinweis:","value":["Gekühlt aufbewahren bei +4°C bis +7°C."]},{"key":"Zutaten:","value":["Zutaten: MILCH, Salz, mikrobielles Lab, Säuerungsmittel: Citronensäure. In Großbuchstaben angegebene Zutaten enthalten allergene Inhaltsstoffe."]},{"key":"Allergene:","value":["Enthält:Milch und daraus gewonnene Erzeugnisse (inkl. Laktose)"]},{"key":"Identitätskennzeichen:","value":["IT 03 1 CE"]},{"key":"Zusatztext:","value":["Bitte beachten Sie stets auch die tatsächliche Kennzeichnung auf der Packung."]},{"key":"Ursprungsland/Herkunftsort:","value":["Hergestellt in Italien"]},{"key":"Kontakt:","value":["S.p.A. Egidio Galbani","Via Flavio Gioia 8, 20149 Mailand, Italien"]}],"nutritions":[],"tags":["Glutenfrei"]},
    {"url":"https://www.interspar.at/shop/lebensmittel/p/5880041","data":[{"key":"price","value":"1,34 €"},{"key":"oldPrice","value":"\n\t\t\t\t\t\n\t\t\t\t\t \n\t\t\t\t"},{"key":"pricePerUnit","value":"(26.90 €/kg)"},{"key":"productDetailsName","value":"Etorki - Schafkäse Grande Reserve - 1 KG"},{"key":"detailsDescription","value":"1 KG"},{"key":"articleNumber","value":"Artikelnummer: 5880041"},{"key":"Zutaten:","value":["Zutaten: PASTEURISIERTE SCHAFMILCH, Speisesalz, Käsereikulturen, tierisches Lab, Konservierungsstoffe E235 und E1105 (aus EIKLAR). Rinde nicht zum Verzehr geeignet. Produziert in einer Käserei in der Schaf-, Kuh- und Ziegenmilch verarbeitet wird."]},{"key":"Allergene:","value":["Enthält:Eier und daraus gewonnene Erzeugnisse, Milch und daraus gewonnene Erzeugnisse (inkl. Laktose)"]}],"nutritions":[{"key":"","value":"Unzubereitet"},{"key":" ","value":"100 g"},{"key":"Energie","value":"1,81 kJ | 437 kcal"},{"key":"Fett","value":"37 g"},{"key":"Fett, davon gesättigte Fettsäuren","value":"27 g"},{"key":"Kohlenhydrate","value":"0,5 g"},{"key":"Kohlenhydrate, davon Zucker","value":"0 g"},{"key":"Ballaststoffe","value":"0 g"},{"key":"Eiweiß","value":"26 g"},{"key":"Salz","value":"1,8 g"}],"tags":["Gekühlt"]},
    {"url":"https://www.interspar.at/shop/lebensmittel/p/6074166","data":[{"key":"price","value":"2,49 €"},{"key":"oldPrice","value":"\n\t\t\t\t\t\n\t\t\t\t\t \n\t\t\t\t"},{"key":"pricePerUnit","value":"(12.45 €/kg)"},{"key":"productDetailsName","value":"Salakis - Schafkäse Natur - 200 G"},{"key":"detailsDescription","value":"200 G"},{"key":"articleNumber","value":"Artikelnummer: 6074166"},{"key":"Lagerhinweis:","value":["Bei +2°C bis +7°C lagern."]},{"key":"Zutaten:","value":["Zutaten: WEICHKÄSE aus pasteurisierter Schafmilch. In Großbuchstaben angegebene Zutaten enthalten allergene Inhaltsstoffe."]},{"key":"Allergene:","value":["Enthält:Milch und daraus gewonnene Erzeugnisse (inkl. Laktose)"]},{"key":"","value":["Ohne Konservierungsstoffe"]},{"key":"Identitätskennzeichen:","value":["FR 48.094.011 CE"]},{"key":"Ursprungsland/Herkunftsort:","value":["Hergestellt in Frankreich"]},{"key":"Kontakt:","value":["Lactalis Deutschland GmbH","Am Yachthafen 2, 77694 Kehl / Rhein, Deutschland"]}],"nutritions":[{"key":"","value":"Unzubereitet"},{"key":" ","value":"100 g"},{"key":"Energie","value":"1126 kJ | 272 kcal"},{"key":"Fett","value":"22,8 g"},{"key":"Fett, davon gesättigte Fettsäuren","value":"16,2 g"},{"key":"Kohlenhydrate","value":"0,8 g"},{"key":"Kohlenhydrate, davon Zucker","value":"0,8 g"},{"key":"Eiweiß","value":"15,7 g"},{"key":"Salz","value":"2,75 g"}],"tags":["Gekühlt","Glutenfrei","Lactosefrei"]},
    {"url":"https://www.interspar.at/shop/lebensmittel/p/6074173","data":[{"key":"price","value":"2,49 €"},{"key":"oldPrice","value":"\n\t\t\t\t\t\n\t\t\t\t\t \n\t\t\t\t"},{"key":"pricePerUnit","value":"(13.83 €/kg)"},{"key":"productDetailsName","value":"Salakis - Schafkäse Light 9% - 180 G"},{"key":"detailsDescription","value":"180 G"},{"key":"articleNumber","value":"Artikelnummer: 6074173"},{"key":"Lagerhinweis:","value":["Bei +2°C bis +7°C lagern."]},{"key":"Zutaten:","value":["Zutaten: WEICHKÄSE. In Großbuchstaben angegebene Zutaten enthalten allergene Inhaltsstoffe."]},{"key":"Allergene:","value":["Enthält:Milch und daraus gewonnene Erzeugnisse (inkl. Laktose)"]},{"key":"","value":["Ohne KonservierungsstoffeFettreduziert (da 60% weniger Fett absolut als Salakis Natur, mindestens 48% Fett i. Tr., 23% Fett absolut)"]},{"key":"Identitätskennzeichen:","value":["FR 48.094.011 CE"]},{"key":"Ursprungsland/Herkunftsort:","value":["Hergestellt in Frankreich"]},{"key":"Kontakt:","value":["Lactalis Deutschland GmbH","Am Yachthafen 2, 77694 Kehl / Rhein, Deutschland"]}],"nutritions":[],"tags":["Gekühlt","Glutenfrei","Lactosefrei"]},
    {"url":"https://www.interspar.at/shop/lebensmittel/p/6335311","data":[{"key":"price","value":"1,49 €"},{"key":"oldPrice","value":"\n\t\t\t\t\t\n\t\t\t\t\tstatt 1,99 €\n\t\t\t\t"},{"key":"pricePerUnit","value":"(9.93 €/kg)"},{"key":"productDetailsName","value":"Bresso - Frischkäse feiner Knoblauch - 150 G"},{"key":"detailsDescription","value":"150 G"},{"key":"articleNumber","value":"Artikelnummer: 6335311"},{"key":"Lagerhinweis:","value":["Gekühlt lagern."]},{"key":"Zutaten:","value":["Zutaten: FRISCHKÄSE, CRÉME FRAÎCHE, BUTTER, Wasser, Knoblauch (5,2%), Schnittlauch, Speisesalz, Zucker, Verdickungsmittel E 466, Speisegelatine, natürliches Aroma. In Großbuchstaben angegebene Zutaten enthalten allergene Inhaltsstoffe."]},{"key":"Allergene:","value":["Enthält:Milch und daraus gewonnene Erzeugnisse (inkl. Laktose)"]},{"key":"Identitätskennzeichen:","value":["DE BY 714 EG"]},{"key":"Zusatztext:","value":["Mit Stickstoff aufgeschlagen."]},{"key":"Kontakt:","value":["Bresso","PF 45, 1104 Wien, Österreich"]}],"nutritions":[{"key":"","value":"Unzubereitet"},{"key":" ","value":"100 g"},{"key":"Energie","value":"1006 kJ | 243 kcal"},{"key":"Fett","value":"22 g"},{"key":"Fett, davon gesättigte Fettsäuren","value":"14 g"},{"key":"Kohlenhydrate","value":"3,3 g"},{"key":"Kohlenhydrate, davon Zucker","value":"3,3 g"},{"key":"Eiweiß","value":"8 g"},{"key":"Salz","value":"1,2 g"},{"key":"","value":"Unzubereitet"},{"key":" ","value":"Portion (20 g)"},{"key":"Energie","value":"202 kJ | 49 kcal"},{"key":"Fett","value":"4,4 g"},{"key":"Fett, davon gesättigte Fettsäuren","value":"2,8 g"},{"key":"Kohlenhydrate","value":"0,7 g"},{"key":"Kohlenhydrate, davon Zucker","value":"0,7 g"},{"key":"Eiweiß","value":"1,6 g"},{"key":"Salz","value":"0,2 g"}],"tags":["Gekühlt","Glutenfrei"]},
    {"url":"https://www.interspar.at/shop/lebensmittel/p/6519162","data":[{"key":"price","value":"1,99 €"},{"key":"oldPrice","value":"\n\t\t\t\t\t\n\t\t\t\t\t \n\t\t\t\t"},{"key":"pricePerUnit","value":"(13.27 €/kg)"},{"key":"productDetailsName","value":"Galbani - Mozzarella 20 Mini - 150 G"},{"key":"detailsDescription","value":"150 G"},{"key":"articleNumber","value":"Artikelnummer: 6519162"},{"key":"Lagerhinweis:","value":["Bei +4°C bis +7°C lagern."]},{"key":"Zutaten:","value":["Zutaten: MILCH, teilentrahmte MILCH, Salz, Lab, Säuerungsmittel: Citronensäure. In Großbuchstaben angegebene Zutaten enthalten allergene Inhaltsstoffe."]},{"key":"Allergene:","value":["Enthält:Milch und daraus gewonnene Erzeugnisse (inkl. Laktose)"]},{"key":"Identitätskennzeichen:","value":["IT 03 3 CE"]},{"key":"Abtropfgewicht:","value":["150 g"]},{"key":"Ursprungsland/Herkunftsort:","value":["Hergestellt in Italien"]},{"key":"Kontakt:","value":["S.p.A. Egidio Galbani","Via Flavio Gioia 8, 20149 Mailand, Italien"]}],"nutritions":[],"tags":["Gekühlt","Glutenfrei"]},
    {"url":"https://www.interspar.at/shop/lebensmittel/p/6698812","data":[{"key":"price","value":"1,30 €"},{"key":"oldPrice","value":"\n\t\t\t\t\t\n\t\t\t\t\t \n\t\t\t\t"},{"key":"pricePerUnit","value":"(25.90 €/kg)"},{"key":"productDetailsName","value":"Wensleydale Creamery - Schnittkäse mit Cranberries - 1 KG"},{"key":"detailsDescription","value":"1 KG"},{"key":"articleNumber","value":"Artikelnummer: 6698812"},{"key":"Lagerhinweis:","value":["Gekühlt lagern."]},{"key":"Zutaten:","value":["Zutaten: MILCH, Cranberries 13%, Lab, Salz, Fruktose, Konservierungsstoff: Kaliumsorbat. In Großbuchstaben angegebene Zutaten enthalten allergene Inhaltsstoffe."]},{"key":"Allergene:","value":["Enthält:Milch und daraus gewonnene Erzeugnisse (inkl. Laktose)"]},{"key":"Identitätskennzeichen:","value":["UK SS206 EC"]},{"key":"Kontakt:","value":["Wensleydale Creamery","Gayle Lane, Wensleydale North Yorkshire, England"]}],"nutritions":[{"key":"","value":"Unzubereitet"},{"key":" ","value":"100 g"},{"key":"Energie","value":"1512 kJ | 363 kcal"},{"key":"Fett","value":"25,6 g"},{"key":"Fett, davon gesättigte Fettsäuren","value":"17 g"},{"key":"Kohlenhydrate","value":"16,3 g"},{"key":"Kohlenhydrate, davon Zucker","value":"0 g"},{"key":"Eiweiß","value":"16,7 g"},{"key":"Salz","value":"0 g"}],"tags":["Gekühlt","Glutenfrei"]},
    {"url":"https://www.interspar.at/shop/lebensmittel/p/6945930","data":[{"key":"price","value":"2,19 €"},{"key":"oldPrice","value":"\n\t\t\t\t\t\n\t\t\t\t\t \n\t\t\t\t"},{"key":"pricePerUnit","value":"(21.90 €/kg)"},{"key":"productDetailsName","value":"Die Käsemacher - Ziegenkäserolle mit Wildkräutern - 100 G"},{"key":"detailsDescription","value":"100 G"},{"key":"articleNumber","value":"Artikelnummer: 6945930"},{"key":"Lagerhinweis:","value":["Gekühlt bei +4°C bis +7°C lagern. Nach dem Öffnen innerhalb von 3 Tagen verbrauchen."]},{"key":"Zutaten:","value":["Zutaten: 98% Ziegenfrischkäsezubereitung mind. 45% Fett i. Tr. (ZIEGENFRISCHKÄSE, Speisesalz, Knoblauch, Verdickungsmittel: Guarkernmehl, Konservierungsstoff: Kaliumsorbat), 2% Wildkräuter. In Großbuchstaben angegebene Zutaten enthalten allergene Inhaltsstoffe."]},{"key":"Allergene:","value":["Enthält:Milch und daraus gewonnene Erzeugnisse (inkl. Laktose)"]},{"key":"Identitätskennzeichen:","value":["AT 30209 EG"]},{"key":"Verbrauchen nach dem Öffnen:","value":["3 Tage"]},{"key":"Kontakt:","value":["Die Käsemacher","Europastraße 5, 3902 Vitis, Österreich"]}],"nutritions":[{"key":"","value":"Unzubereitet"},{"key":" ","value":"100 g"},{"key":"Energie","value":"1216 kJ | 293 kcal"},{"key":"Fett","value":"24 g"},{"key":"Fett, davon gesättigte Fettsäuren","value":"17 g"},{"key":"Kohlenhydrate","value":"2,9 g"},{"key":"Kohlenhydrate, davon Zucker","value":"2,3 g"},{"key":"Eiweiß","value":"17 g"},{"key":"Salz","value":"0,78 g"}],"tags":["Gekühlt"]},
    {"url":"https://www.interspar.at/shop/lebensmittel/p/7585098","data":[{"key":"price","value":"2,49 €"},{"key":"oldPrice","value":"\n\t\t\t\t\t\n\t\t\t\t\t \n\t\t\t\t"},{"key":"pricePerUnit","value":"(16.60 €/kg)"},{"key":"productDetailsName","value":"Bresso Traditionelle - Frischkäse Feine Kräuter - 150 G"},{"key":"detailsDescription","value":"150 G"},{"key":"articleNumber","value":"Artikelnummer: 7585098"},{"key":"Lagerhinweis:","value":["Gekühlt bei +2°C bis +8°C lagern."]},{"key":"Zutaten:","value":["Zutaten: FRISCHKÄSE, Kräuter, Knoblauch, Speisesalz, Zwiebel, Pfeffer. In Großbuchstaben angegebene Zutaten enthalten allergene Inhaltsstoffe."]},{"key":"Allergene:","value":["Kann Spuren von Ziegenmilch und Nüssen enthalten.","Kann Spuren enthalten von:Milch und daraus gewonnene Erzeugnisse (inkl. Laktose), Schalenfrüchte und daraus gewonnene Erzeugnisse","Enthält:Milch und daraus gewonnene Erzeugnisse (inkl. Laktose)"]},{"key":"Identitätskennzeichen:","value":["FR 24.256.002 CE"]},{"key":"Kontakt:","value":["Bresso","PF 45, 1104 Wien, Österreich"]}],"nutritions":[{"key":"","value":"Unzubereitet"},{"key":" ","value":"100 g"},{"key":"Energie","value":"1447 kJ | 351 kcal"},{"key":"Fett","value":"34,5 g"},{"key":"Fett, davon gesättigte Fettsäuren","value":"24,5 g"},{"key":"Kohlenhydrate","value":"3 g"},{"key":"Kohlenhydrate, davon Zucker","value":"2,3 g"},{"key":"Eiweiß","value":"7 g"},{"key":"Salz","value":"1,1 g"},{"key":"","value":"Unzubereitet"},{"key":" ","value":"Portion (20 g)"},{"key":"Energie","value":"289 kJ | 70 kcal"},{"key":"Fett","value":"6,9 g"},{"key":"Fett, davon gesättigte Fettsäuren","value":"4,9 g"},{"key":"Kohlenhydrate","value":"0,6 g"},{"key":"Kohlenhydrate, davon Zucker","value":"0,5 g"},{"key":"Eiweiß","value":"1,4 g"},{"key":"Salz","value":"0,2 g"}],"tags":["Gekühlt"]},
    {"url":"https://www.interspar.at/shop/lebensmittel/p/7703034","data":[{"key":"price","value":"3,49 €"},{"key":"oldPrice","value":"\n\t\t\t\t\t\n\t\t\t\t\t \n\t\t\t\t"},{"key":"pricePerUnit","value":"(11.63 €/kg)"},{"key":"productDetailsName","value":"Patros - mit Oliven und Paprika - 300 G"},{"key":"detailsDescription","value":"300 G"},{"key":"articleNumber","value":"Artikelnummer: 7703034"},{"key":"Lagerhinweis:","value":["Nach dem Öffnen sollte das Produkt am besten im Kühlschrank aufbewahrt werden."]},{"key":"Zutaten:","value":["Zutaten: Rapsöl, 35% KÄSE (45% Fett i. Tr.), 5% Paprika, 5% grüne Oliven mit Paprikapaste gefüllt (Oliven, Paprika, Verdickungsmittel: Natriumalginat, Guarkernmehl, Festigungsmittel: Calciumchlorid, Säuerungsmittel: Milchsäure), 5% schwarze entsteinte Oliven (Oliven, Stabilisator: Eisen-II-Gluconat), Gewürze, Knoblauch, Kräuter, Salz, Branntweinessig. In Großbuchstaben angegebene Zutaten enthalten allergene Inhaltsstoffe."]},{"key":"Allergene:","value":["Enthält:Milch und daraus gewonnene Erzeugnisse (inkl. Laktose)"]},{"key":"Identitätskennzeichen:","value":["DE BY 13022 EG"]},{"key":"Kontakt:","value":["Hochland Deutschland GmbH","Kemptener Straße 17, 88178 Heimenkirch, Deutschland"]}],"nutritions":[{"key":"","value":"Unzubereitet"},{"key":" ","value":"100 g"},{"key":"Energie","value":"2482 kJ | 603 kcal"},{"key":"Fett","value":"63,8 g"},{"key":"Fett, davon gesättigte Fettsäuren","value":"9,5 g"},{"key":"Kohlenhydrate","value":"0,3 g"},{"key":"Kohlenhydrate, davon Zucker","value":"0,3 g"},{"key":"Ballaststoffe","value":"0,7 g"},{"key":"Eiweiß","value":"6,5 g"},{"key":"Salz","value":"1,4 g"}],"tags":["Glutenfrei"]},
    {"url":"https://www.interspar.at/shop/lebensmittel/p/7703867","data":[{"key":"price","value":"2,15 €"},{"key":"oldPrice","value":"\n\t\t\t\t\t\n\t\t\t\t\t \n\t\t\t\t"},{"key":"pricePerUnit","value":"(17.92 €/kg)"},{"key":"productDetailsName","value":"Mini Babybel - 6 x 20g - 120 G"},{"key":"detailsDescription","value":"120 G"},{"key":"articleNumber","value":"Artikelnummer: 7703867"},{"key":"Lagerhinweis:","value":["Nach dem Kauf gekühlt aufbewahren."]},{"key":"Zutaten:","value":["Zutaten: pasteurisierte MILCH, Salz, Milchsäurebakterien, mikrobielles Lab. In Großbuchstaben angegebene Zutaten enthalten allergene Inhaltsstoffe."]},{"key":"Allergene:","value":["Enthält:Milch und daraus gewonnene Erzeugnisse (inkl. Laktose)"]},{"key":"","value":["Ohne Zusatz von Konservierungsstoffen"]},{"key":"","value":["Laktosefrei"]},{"key":"Identitätskennzeichen:","value":["FR 72.264.001 CE"]},{"key":"Kontakt:","value":["Fromageries Bel Österreich","Wehlistraße 27b, Stiege 1, Tür 6, 1200 Wien, Österreich"]}],"nutritions":[{"key":"","value":"Unzubereitet"},{"key":" ","value":"100 g"},{"key":"Energie","value":"1250 kJ | 302 kcal"},{"key":"Fett","value":"24 g"},{"key":"Fett, davon gesättigte Fettsäuren","value":"16 g"},{"key":"Kohlenhydrate","value":"< 0,1 g"},{"key":"Kohlenhydrate, davon Zucker","value":"< 0,1 g"},{"key":"Eiweiß","value":"21,5 g"},{"key":"Salz","value":"1,8 g"},{"key":"Kalzium","value":"700 mg | 88 %"},{"key":"","value":"Unzubereitet"},{"key":" ","value":"Portion (20 g)"},{"key":"Energie","value":"250 kJ | 60 kcal | 3 %"},{"key":"Fett","value":"4,8 g | 7 %"},{"key":"Fett, davon gesättigte Fettsäuren","value":"3,2 g | 16 %"},{"key":"Kohlenhydrate","value":"< 0,1 g | 1 %"},{"key":"Kohlenhydrate, davon Zucker","value":"< 0,1 g | 1 %"},{"key":"Eiweiß","value":"4,3 g | 9 %"},{"key":"Salz","value":"0,36 g | 6 %"},{"key":"Kalzium","value":"140 mg | 18 %"}],"tags":["Glutenfrei","Lactosefrei"]},
    {"url":"https://www.interspar.at/shop/lebensmittel/p/7703881","data":[{"key":"price","value":"3,49 €"},{"key":"oldPrice","value":"\n\t\t\t\t\t\n\t\t\t\t\t \n\t\t\t\t"},{"key":"pricePerUnit","value":"(11.63 €/kg)"},{"key":"productDetailsName","value":"Patros - in Öl - 300 G"},{"key":"detailsDescription","value":"300 G"},{"key":"articleNumber","value":"Artikelnummer: 7703881"},{"key":"Lagerhinweis:","value":["Nach dem Öffnen sollte das Produkt am besten im Kühlschrank aufbewahrt werden."]},{"key":"Zutaten:","value":["Zutaten: 50% KÄSE (45% Fett i.T.), Rapsöl, Gewürze, Paprika, Kräuter, Knoblauch. In Großbuchstaben angegebene Zutaten enthalten allergene Inhaltsstoffe."]},{"key":"Allergene:","value":["Enthält:Milch und daraus gewonnene Erzeugnisse (inkl. Laktose)"]},{"key":"Identitätskennzeichen:","value":["DE BY 13022 EG"]},{"key":"Kontakt:","value":["Hochland Deutschland GmbH","Kemptener Straße 17, 88178 Heimenkirch, Deutschland"]}],"nutritions":[{"key":"","value":"Unzubereitet"},{"key":" ","value":"100 g"},{"key":"Energie","value":"2612 kJ | 634 kcal"},{"key":"Fett","value":"66 g"},{"key":"Fett, davon gesättigte Fettsäuren","value":"11,8 g"},{"key":"Kohlenhydrate","value":"0,4 g"},{"key":"Kohlenhydrate, davon Zucker","value":"0,4 g"},{"key":"Ballaststoffe","value":"< 0,1 g"},{"key":"Eiweiß","value":"9,5 g"},{"key":"Salz","value":"1,5 g"}],"tags":["Glutenfrei"]},
    {"url":"https://www.interspar.at/shop/lebensmittel/p/7704123","data":[{"key":"price","value":"2,69 €"},{"key":"oldPrice","value":"\n\t\t\t\t\t\n\t\t\t\t\t \n\t\t\t\t"},{"key":"pricePerUnit","value":"(17.93 €/kg)"},{"key":"productDetailsName","value":"Patros - leicht - 150 G"},{"key":"detailsDescription","value":"150 G"},{"key":"articleNumber","value":"Artikelnummer: 7704123"},{"key":"Lagerhinweis:","value":["Bitte verzehren Sie es nach dem Öffnen innerhalb von 3 Tagen. Bei +4 bis +8°C lagern."]},{"key":"Zutaten:","value":["Zutaten: 100% KÄSE in Salzlake gereift. In Großbuchstaben angegebene Zutaten enthalten allergene Inhaltsstoffe."]},{"key":"Allergene:","value":["Enthält:Milch und daraus gewonnene Erzeugnisse (inkl. Laktose)"]},{"key":"","value":["Ohne Konservierungsstoffe."]},{"key":"Identitätskennzeichen:","value":["DE BY 13022 EG"]},{"key":"Zusatztext:","value":["30% weniger Fett*. *im Vergleich zu einem Standardsalzlakenkäse."]},{"key":"Verbrauchen nach dem Öffnen:","value":["3 Tage"]},{"key":"Kontakt:","value":["Patros","Kemptener Straße 17, 88178 Heimenkirch, Deutschland"]}],"nutritions":[{"key":"","value":"Unzubereitet"},{"key":" ","value":"100 g"},{"key":"Energie","value":"912 kJ | 219 kcal"},{"key":"Fett","value":"15 g"},{"key":"Fett, davon gesättigte Fettsäuren","value":"9,9 g"},{"key":"Kohlenhydrate","value":"1 g"},{"key":"Kohlenhydrate, davon Zucker","value":"1 g"},{"key":"Eiweiß","value":"20 g"},{"key":"Salz","value":"3 g"}],"tags":["Gekühlt","Glutenfrei"]},
    {"url":"https://www.interspar.at/shop/lebensmittel/p/7716331","data":[{"key":"price","value":"1,64 €"},{"key":"oldPrice","value":"\n\t\t\t\t\t\n\t\t\t\t\t \n\t\t\t\t"},{"key":"pricePerUnit","value":"(32.90 €/kg)"},{"key":"productDetailsName","value":"Tete de Moine - Fromage de Bellelay - 1 KG"},{"key":"detailsDescription","value":"1 KG"},{"key":"articleNumber","value":"Artikelnummer: 7716331"},{"key":"Lagerhinweis:","value":["Gekühlt lagern bei +2° - 7°C."]},{"key":"Zutaten:","value":["Zutaten: ROHMILCH, Salz, Kulturen, Lab. In Großbuchstaben angegebene Zutaten enthalten allergene Inhaltsstoffe."]},{"key":"Allergene:","value":["Enthält:Milch und daraus gewonnene Erzeugnisse (inkl. Laktose)"]},{"key":"Ursprungsland/Herkunftsort:","value":["Schweiz"]},{"key":"Kontakt:","value":["Emmi Österreich GmbH","Illweg 8, 6714 Nüziders, Österreich"]}],"nutritions":[{"key":"","value":"Unzubereitet"},{"key":" ","value":"100 g"},{"key":"Energie","value":"1663 kJ | 401 kcal"},{"key":"Fett","value":"33 g"},{"key":"Fett, davon gesättigte Fettsäuren","value":"20 g"},{"key":"Kohlenhydrate","value":"< 0,1 g"},{"key":"Kohlenhydrate, davon Zucker","value":"< 0,1 g"},{"key":"Eiweiß","value":"25 g"},{"key":"Salz","value":"1,9 g"}],"tags":["Gekühlt","Glutenfrei","Lactosefrei"]},
    {"url":"https://www.interspar.at/shop/lebensmittel/p/7955037","data":[{"key":"price","value":"1,09 €"},{"key":"oldPrice","value":"\n\t\t\t\t\t\n\t\t\t\t\t \n\t\t\t\t"},{"key":"pricePerUnit","value":"(4.36 €/kg)"},{"key":"productDetailsName","value":"DESPAR - Ricotta fresca - 250 G"},{"key":"detailsDescription","value":"250 G"},{"key":"articleNumber","value":"Artikelnummer: 7955037"},{"key":"Lagerhinweis:","value":["Vor und nach dem Öffnen im Kühlschrank bei 0°C bis +6°C aufbewahren. Nach dem Öffnen alsbald verbrauchen."]},{"key":"Zutaten:","value":["Zutaten: MOLKE, MAGERMILCH, SAHNE, Salz, Säuerungsmittel: Milchsäure."]},{"key":"Allergene:","value":["Enthält:Milch und daraus gewonnene Erzeugnisse (inkl. Laktose)"]},{"key":"Identitätskennzeichen:","value":["IT 41-5 CE"]},{"key":"Ursprungsland/Herkunftsort:","value":["Sorgfältig hergestellt in Italien"]},{"key":"Kontakt:","value":["SPAR Österr. Warenhandels-AG","Europastraße 3, 5015 Salzburg, Österreich","office@spar.at"]}],"nutritions":[{"key":" ","value":"100 g"},{"key":"","value":"Unzubereitet"},{"key":"Energie","value":"598 kJ | 144 kcal"},{"key":"Fett","value":"11 g"},{"key":"Fett, davon gesättigte Fettsäuren","value":"7,6 g"},{"key":"Kohlenhydrate","value":"3,8 g"},{"key":"Kohlenhydrate, davon Zucker","value":"3,2 g"},{"key":"Ballaststoffe","value":"0 g"},{"key":"Eiweiß","value":"7,4 g"},{"key":"Salz","value":"0,48 g"}],"tags":["Gekühlt","Glutenfrei"]},
    {"url":"https://www.interspar.at/shop/lebensmittel/p/7984860","data":[{"key":"price","value":"1,19 €"},{"key":"oldPrice","value":"\n\t\t\t\t\t\n\t\t\t\t\t \n\t\t\t\t"},{"key":"pricePerUnit","value":"(9.52 €/kg)"},{"key":"productDetailsName","value":"DESPAR - Mozzarelline - 125 G"},{"key":"detailsDescription","value":"125 G"},{"key":"articleNumber","value":"Artikelnummer: 7984860"},{"key":"Lagerhinweis:","value":["Vor und nach dem Öffnen gekühlt lagern. Nach dem Öffnen alsbald verbrauchen."]},{"key":"Zutaten:","value":["Zutaten: pasteurisierte MILCH, Salz unjodiert, Lab, Antioxidationsmittel: Citronensäure, Käsereikulturen. In Großbuchstaben angegebene Zutaten enthalten allergene Inhaltsstoffe."]},{"key":"Allergene:","value":["Enthält:Milch und daraus gewonnene Erzeugnisse (inkl. Laktose)"]},{"key":"Identitätskennzeichen:","value":["IT 06 9 CE"]},{"key":"Abtropfgewicht:","value":["125 g"]},{"key":"Ursprungsland/Herkunftsort:","value":["Hergestellt in Italien"]},{"key":"Kontakt:","value":["SPAR Österr. Warenhandels-AG","Europastraße 3, 5015 Salzburg, Österreich"]}],"nutritions":[{"key":" ","value":"100 g"},{"key":"","value":"Unzubereitet"},{"key":"Energie","value":"972 kJ | 234 kcal"},{"key":"Fett","value":"18 g"},{"key":"Fett, davon gesättigte Fettsäuren","value":"13 g"},{"key":"Kohlenhydrate","value":"1 g"},{"key":"Kohlenhydrate, davon Zucker","value":"1 g"},{"key":"Ballaststoffe","value":"0 g"},{"key":"Eiweiß","value":"17 g"},{"key":"Salz","value":"0,45 g"}],"tags":["Gekühlt","Glutenfrei"]},
    {"url":"https://www.interspar.at/shop/lebensmittel/p/7984884","data":[{"key":"price","value":"1,79 €"},{"key":"oldPrice","value":"\n\t\t\t\t\t\n\t\t\t\t\t \n\t\t\t\t"},{"key":"pricePerUnit","value":"(8.95 €/kg)"},{"key":"productDetailsName","value":"DESPAR - Mozzarella Grande - 200 G"},{"key":"detailsDescription","value":"200 G"},{"key":"articleNumber","value":"Artikelnummer: 7984884"},{"key":"Lagerhinweis:","value":["Vor und nach dem Öffnen gekühlt lagern. Nach dem Öffnen alsbald verbrauchen."]},{"key":"Zutaten:","value":["Zutaten: pasteurisierte MILCH, Salz unjodiert, Lab, Antioxidationsmittel: Citronensäure, Käsereikulturen. In Großbuchstaben angegebene Zutaten enthalten allergene Inhaltsstoffe."]},{"key":"Allergene:","value":["Enthält:Milch und daraus gewonnene Erzeugnisse (inkl. Laktose)"]},{"key":"Identitätskennzeichen:","value":["IT 06 9 CE"]},{"key":"Abtropfgewicht:","value":["200 g"]},{"key":"Ursprungsland/Herkunftsort:","value":["Hergestellt in Italien"]},{"key":"Kontakt:","value":["SPAR Österr. Warenhandels-AG","Europastraße 3, 5015 Salzburg, Österreich"]}],"nutritions":[{"key":" ","value":"100 g"},{"key":"","value":"Unzubereitet"},{"key":"Energie","value":"972 kJ | 234 kcal"},{"key":"Fett","value":"18 g"},{"key":"Fett, davon gesättigte Fettsäuren","value":"13 g"},{"key":"Kohlenhydrate","value":"1 g"},{"key":"Kohlenhydrate, davon Zucker","value":"1 g"},{"key":"Ballaststoffe","value":"0 g"},{"key":"Eiweiß","value":"17 g"},{"key":"Salz","value":"0,45 g"},{"key":"Broteinheiten","value":"0,1 BE"}],"tags":["Gekühlt"]},
    {"url":"https://www.interspar.at/shop/lebensmittel/p/7995545","data":[{"key":"price","value":"0,99 €"},{"key":"oldPrice","value":"\n\t\t\t\t\t\n\t\t\t\t\t \n\t\t\t\t"},{"key":"pricePerUnit","value":"(7.92 €/kg)"},{"key":"productDetailsName","value":"DESPAR - Mozzarella - 125 G"},{"key":"detailsDescription","value":"125 G"},{"key":"articleNumber","value":"Artikelnummer: 7995545"},{"key":"Lagerhinweis:","value":["Vor und nach dem Öffnen gekühlt lagern. Nach dem Öffnen alsbald verbrauchen."]},{"key":"Zutaten:","value":["Zutaten: pasteurisierte MILCH, Salz, Lab, Antioxidationsmittel: Citronensäure, Käsereikulturen. In Großbuchstaben angegebene Zutaten enthalten allergene Inhaltsstoffe."]},{"key":"Allergene:","value":["Enthält:Milch und daraus gewonnene Erzeugnisse (inkl. Laktose)"]},{"key":"Identitätskennzeichen:","value":["IT 06 9 CE"]},{"key":"Abtropfgewicht:","value":["125 g"]},{"key":"Ursprungsland/Herkunftsort:","value":["Hergestellt in Italien"]},{"key":"Kontakt:","value":["SPAR Österr. Warenhandels-AG","Europastraße 3, 5015 Salzburg, Österreich"]}],"nutritions":[{"key":"","value":"Unzubereitet"},{"key":" ","value":"100 g"},{"key":"Energie","value":"972 kJ | 234 kcal"},{"key":"Fett","value":"18 g"},{"key":"Fett, davon gesättigte Fettsäuren","value":"13 g"},{"key":"Kohlenhydrate","value":"1 g"},{"key":"Kohlenhydrate, davon Zucker","value":"1 g"},{"key":"Ballaststoffe","value":"0 g"},{"key":"Eiweiß","value":"17 g"},{"key":"Salz","value":"0,45 g"},{"key":"Broteinheiten","value":"0,1 BE"}],"tags":["Gekühlt","Glutenfrei"]},
    {"url":"https://www.interspar.at/shop/lebensmittel/p/8167941","data":[{"key":"price","value":"2,39 €"},{"key":"oldPrice","value":"\n\t\t\t\t\t\n\t\t\t\t\t \n\t\t\t\t"},{"key":"pricePerUnit","value":"(26.56 €/kg)"},{"key":"productDetailsName","value":"Fol Epi - Schnittkäse Caractére - 90 G"},{"key":"detailsDescription","value":"90 G"},{"key":"articleNumber","value":"Artikelnummer: 8167941"},{"key":"Lagerhinweis:","value":["Bei +2°C bis +8°C lagern. Nach dem Öffnen alsbald verzehren."]},{"key":"Zutaten:","value":["Zutaten: pasteurisierte KUHMILCH, Salz, Käsereikulturen, Farbstoffe Annatto, einfaches Zuckerkulör in essbarer Rinde. In Großbuchstaben angegebene Zutaten enthalten allergene Inhaltsstoffe."]},{"key":"Allergene:","value":["Kann Spuren von Schalenfrüchten enthalten.","Kann Spuren enthalten von:Schalenfrüchte und daraus gewonnene Erzeugnisse","Enthält:Milch und daraus gewonnene Erzeugnisse (inkl. Laktose)"]},{"key":"","value":["natürlich reich an Calcium"]},{"key":"","value":["Laktosefrei"]},{"key":"Identitätskennzeichen:","value":["FR 53.014.001 CE"]},{"key":"Kontakt:","value":["Fol Epi","Postfach 45, 1104 Wien, Österreich"]}],"nutritions":[{"key":"","value":"Unzubereitet"},{"key":" ","value":"100 g"},{"key":"Energie","value":"1552 kJ | 374 kcal"},{"key":"Fett","value":"30 g"},{"key":"Fett, davon gesättigte Fettsäuren","value":"21 g"},{"key":"Kohlenhydrate","value":"< 0,5 g"},{"key":"Kohlenhydrate, davon Zucker","value":"< 0,5 g"},{"key":"Eiweiß","value":"26 g"},{"key":"Salz","value":"1,3 g"},{"key":"Kalzium","value":"780 mg | 98 %"}],"tags":["Gekühlt","Glutenfrei","Lactosefrei"]},
    {"url":"https://www.interspar.at/shop/lebensmittel/p/8185495","data":[{"key":"price","value":"0,70 €"},{"key":"oldPrice","value":"\n\t\t\t\t\t\n\t\t\t\t\t \n\t\t\t\t"},{"key":"pricePerUnit","value":"(13.90 €/kg)"},{"key":"productDetailsName","value":"Landana - Holländischer Maasdamer - 1 KG"},{"key":"detailsDescription","value":"1 KG"},{"key":"articleNumber","value":"Artikelnummer: 8185495"},{"key":"Lagerhinweis:","value":["Gekühlt lagern."]},{"key":"Zutaten:","value":["Zutaten: Pasteurisierte MILCH, Salz, Konservierungsstoff: Natriumnitat, Natamycin. In Großbuchstaben angegebene Zutaten enthalten allergene Inhaltsstoffe."]},{"key":"Allergene:","value":["Enthält:Milch und daraus gewonnene Erzeugnisse (inkl. Laktose)"]},{"key":"Identitätskennzeichen:","value":["NL Z0502 EG"]},{"key":"Ursprungsland/Herkunftsort:","value":["Niederlande"]},{"key":"Kontakt:","value":["Vandersterre Holland B.V.","Duiltslandweg 9-11, 2411 NT Bodegraven Niederlande"]}],"nutritions":[{"key":"","value":"Unzubereitet"},{"key":" ","value":"100 g"},{"key":"Energie","value":"1490,5 kJ | 356 kcal"},{"key":"Fett","value":"28 g"},{"key":"Fett, davon gesättigte Fettsäuren","value":"19 g"},{"key":"Kohlenhydrate","value":"0 g"},{"key":"Kohlenhydrate, davon Zucker","value":"0 g"},{"key":"Ballaststoffe","value":"0 g"},{"key":"Eiweiß","value":"26 g"},{"key":"Salz","value":"1,4 g"}],"tags":["Gekühlt"]},
    {"url":"https://www.interspar.at/shop/lebensmittel/p/8208323","data":[{"key":"price","value":"0,70 €"},{"key":"oldPrice","value":"\n\t\t\t\t\t\n\t\t\t\t\t \n\t\t\t\t"},{"key":"pricePerUnit","value":"(13.90 €/kg)"},{"key":"productDetailsName","value":"SalzburgMilch - Gouda - 1 KG"},{"key":"detailsDescription","value":"1 KG"},{"key":"articleNumber","value":"Artikelnummer: 8208323"},{"key":"Lagerhinweis:","value":["Gekühlt (4-8°C) lagern. Nach dem Öffnen gekühlt lagern und innerhalb weniger Tage verbrauchen."]},{"key":"Allergene:","value":["Enthält:Milch und daraus gewonnene Erzeugnisse (inkl. Laktose)"]},{"key":"","value":["Laktosefrei"]},{"key":"Identitätskennzeichen:","value":["AT 50190 EG"]},{"key":"Ursprungsland/Herkunftsort:","value":["Österreich"]},{"key":"Kontakt:","value":["SalzburgMilch GmbH","A-5020 Salzburg","0662/2455-105","0662/2455"]}],"nutritions":[{"key":"","value":"Unzubereitet"},{"key":" ","value":"100 g"},{"key":"Energie","value":"1346 kJ | 324 kcal"},{"key":"Fett","value":"25 g"},{"key":"Fett, davon gesättigte Fettsäuren","value":"15 g"},{"key":"Kohlenhydrate","value":"0 g"},{"key":"Kohlenhydrate, davon Zucker","value":"0 g"},{"key":"Eiweiß","value":"24 g"},{"key":"Salz","value":"1,1 g"}],"tags":["Gekühlt","Glutenfrei","Lactosefrei"]},
    {"url":"https://www.interspar.at/shop/lebensmittel/p/2020001123186","data":[{"key":"price","value":"1,69 €"},{"key":"oldPrice","value":"\n\t\t\t\t\t\n\t\t\t\t\t \n\t\t\t\t"},{"key":"pricePerUnit","value":"(12.07 €/kg)"},{"key":"productDetailsName","value":"Philadelphia Luftig & Lecker - Luftig und Lecker Klassisch - 140 G"},{"key":"detailsDescription","value":"140 G"},{"key":"articleNumber","value":"Artikelnummer: 2020001123186"},{"key":"Lagerhinweis:","value":["Gekühlt aufbewahren."]},{"key":"Zutaten:","value":["Zutaten: FRISCHKÄSE, Speisesalz, Speisegelatine, Verdickungsmittel (Guarkernmehl), Konservierungsstoff (Kaliumsorbat), Stickstoff zum Aufschlagen. In Großbuchstaben angegebene Zutaten enthalten allergene Inhaltsstoffe."]},{"key":"Allergene:","value":["Enthält:Milch und daraus gewonnene Erzeugnisse (inkl. Laktose)"]},{"key":"Kontakt:","value":["Mondelez Österreich","1140 Wien, Österreich"]}],"nutritions":[{"key":"","value":"Unzubereitet"},{"key":" ","value":"100 g"},{"key":"Energie","value":"1085 kJ | 265 kcal"},{"key":"Fett","value":"25 g"},{"key":"Fett, davon gesättigte Fettsäuren","value":"16,5 g"},{"key":"Kohlenhydrate","value":"2,6 g"},{"key":"Kohlenhydrate, davon Zucker","value":"2,6 g"},{"key":"Ballaststoffe","value":"0,1 g"},{"key":"Eiweiß","value":"6,5 g"},{"key":"Salz","value":"0,9 g"}],"tags":["Gekühlt"]},
    {"url":"https://www.interspar.at/shop/lebensmittel/p/2020001123414","data":[{"key":"price","value":"1,69 €"},{"key":"oldPrice","value":"\n\t\t\t\t\t\n\t\t\t\t\t \n\t\t\t\t"},{"key":"pricePerUnit","value":"(12.07 €/kg)"},{"key":"productDetailsName","value":"Philadelphia - Olive - 140 G"},{"key":"detailsDescription","value":"140 G"},{"key":"articleNumber","value":"Artikelnummer: 2020001123414"},{"key":"Lagerhinweis:","value":["Gekühlt aufbewahren."]},{"key":"Zutaten:","value":["Zutaten: FRISCHKÄSE (87%), schwarze Oliven (4.5%) [enthalten: Säuerungsmittel (Milchsäure), Stabilisator (Eisen(II)-gluconat)], grüne Oliven (3%), Speisesalz, Speisegelatine, Sonnenblumenöl, modifizierte Stärke, Verdickungsmittel (Guarkernmehl), Zucker, Konservierungsstoff (Kaliumsorbat), Säuerungsmittel (Milchsäure, Citronensäure), Gewürze, Stickstoff zum Aufschlagen. In Großbuchstaben angegebene Zutaten enthalten allergene Inhaltsstoffe."]},{"key":"Allergene:","value":["Enthält:Milch und daraus gewonnene Erzeugnisse (inkl. Laktose)"]},{"key":"Kontakt:","value":["Mondelez Österreich","Jacobsgasse 3, 1140 Wien, Österreich"]}],"nutritions":[{"key":"","value":"Unzubereitet"},{"key":" ","value":"100 g"},{"key":"Energie","value":"1110 kJ | 270 kcal"},{"key":"Fett","value":"25,5 g"},{"key":"Fett, davon gesättigte Fettsäuren","value":"16 g"},{"key":"Kohlenhydrate","value":"2,8 g"},{"key":"Kohlenhydrate, davon Zucker","value":"2,7 g"},{"key":"Ballaststoffe","value":"0,4 g"},{"key":"Eiweiß","value":"6,1 g"},{"key":"Salz","value":"1,2 g"}],"tags":["Gekühlt"]},
    {"url":"https://www.interspar.at/shop/lebensmittel/p/2020001241439","data":[{"key":"price","value":"1,39 €"},{"key":"oldPrice","value":"\n\t\t\t\t\t\n\t\t\t\t\t \n\t\t\t\t"},{"key":"pricePerUnit","value":"(7.94 €/kg)"},{"key":"productDetailsName","value":"Exquisa Creation - alla Bruschetta - 175 G"},{"key":"detailsDescription","value":"175 G"},{"key":"articleNumber","value":"Artikelnummer: 2020001241439"},{"key":"Lagerhinweis:","value":["Nach dem Öffnen alsbald verzehren."]},{"key":"Zutaten:","value":["Zutaten: FRISCHKÄSE, 10% Bruschetta-Zubereitung (55% Tomaten, 8,5% Basilikum, Zucker, Speisesalz, Olivenöl, Würzmittel, Zitronensaftkonzentrat, Kräuter, Gewürze, Aroma), Citrusfaser, Verdickungsmittel: Johannisbrotkernmehl, Carrageen. In Großbuchstaben angegebene Zutaten enthalten allergene Inhaltsstoffe."]},{"key":"Allergene:","value":["Enthält:Milch und daraus gewonnene Erzeugnisse (inkl. Laktose)"]},{"key":"Identitätskennzeichen:","value":["DE BY 706 EG"]},{"key":"Kontakt:","value":["Karwendel-Werke","Postfach 220, 86802 Buchloe, Deutschland"]}],"nutritions":[{"key":"","value":"Unzubereitet"},{"key":" ","value":"100 g"},{"key":"Energie","value":"663 kJ | 160 kcal"},{"key":"Fett","value":"12,7 g"},{"key":"Fett, davon gesättigte Fettsäuren","value":"8,7 g"},{"key":"Kohlenhydrate","value":"3,7 g"},{"key":"Kohlenhydrate, davon Zucker","value":"3,2 g"},{"key":"Eiweiß","value":"7,1 g"},{"key":"Salz","value":"1,25 g"}],"tags":["Gekühlt","Glutenfrei"]},
    {"url":"https://www.interspar.at/shop/lebensmittel/p/2020001737437","data":[{"key":"price","value":"2,49 €"},{"key":"oldPrice","value":"\n\t\t\t\t\t\n\t\t\t\t\t \n\t\t\t\t"},{"key":"pricePerUnit","value":"(16.60 €/kg)"},{"key":"productDetailsName","value":"Kolios - Grillfeta Natur - 150 G"},{"key":"detailsDescription","value":"150 G"},{"key":"articleNumber","value":"Artikelnummer: 2020001737437"},{"key":"Lagerhinweis:","value":["Bei +2°C - +6°C (max 7°C)"]},{"key":"Zutaten:","value":["Zutaten: Feta geschützte Ursprungsbezeichnung (g.U.) Käse 100% (Pasteurisierte SCHAF- und ZIEGENMILCH, Salz, Kultur, mikrobielles Lab). In Großbuchstaben angebene Zutaten enthalten allergene Inhaltstsoffe"]},{"key":"Allergene:","value":["Enthält:Milch und daraus gewonnene Erzeugnisse (inkl. Laktose)"]},{"key":"Zubereitung:","value":["Grillen/Braten mit OberhitzeUmverpackung entfernen, Folie entfernen und Feta mit Zutaten nach oben in die Aluschale legen. Auf dem Grill oder im Ofen für ca. 10 min zubereiten."]},{"key":"Kontakt:","value":["KOLIOS S.A.","Limnotopos Kilkis Greece/Griechenland"]}],"nutritions":[{"key":"","value":"Unzubereitet"},{"key":" ","value":"100 g"},{"key":"Energie","value":"1040 kJ | 275 kcal"},{"key":"Fett","value":"23 g"},{"key":"Fett, davon gesättigte Fettsäuren","value":"16 g"},{"key":"Kohlenhydrate","value":"1 g"},{"key":"Kohlenhydrate, davon Zucker","value":"0,5 g"},{"key":"Eiweiß","value":"16 g"},{"key":"Salz","value":"2,5 g"},{"key":"","value":"Unzubereitet"},{"key":" ","value":"Portion (30 g)"},{"key":"Energie","value":"342 kJ | 83 kcal | 4 %"},{"key":"Fett","value":"6,9 g | 10 %"},{"key":"Fett, davon gesättigte Fettsäuren","value":"4,8 g | 24 %"},{"key":"Kohlenhydrate","value":"0,3 g | 1 %"},{"key":"Kohlenhydrate, davon Zucker","value":"0,1 g | 1 %"},{"key":"Eiweiß","value":"4,8 g | 10 %"},{"key":"Salz","value":"0,75 g | 13 %"}],"tags":["Gekühlt"]},
    {"url":"https://www.interspar.at/shop/lebensmittel/p/7585050","data":[{"key":"price","value":"2,49 €"},{"key":"oldPrice","value":"\n\t\t\t\t\t\n\t\t\t\t\t \n\t\t\t\t"},{"key":"pricePerUnit","value":"(16.60 €/kg)"},{"key":"productDetailsName","value":"Bresso Traditionelle - Frischkäse Walnuss & Traube - 150 G"},{"key":"detailsDescription","value":"150 G"},{"key":"articleNumber","value":"Artikelnummer: 7585050"},{"key":"Lagerhinweis:","value":["Gekühlt bei +2°C bis +8°C lagern."]},{"key":"Zutaten:","value":["Zutaten: FRISCHKÄSE, Rosinen (5,3%), WALNÜSSE (2,3%), MANDELN, Speisesalz, natürliches Aroma, Pfeffer, Konservierungsstoff: Kaliumsorbat. In Großbuchstaben angegebene Zutaten enthalten allergene Inhaltsstoffe."]},{"key":"Allergene:","value":["Kann Spuren von Ziegenmilch enthalten.","Kann Spuren enthalten von:Milch und daraus gewonnene Erzeugnisse (inkl. Laktose)","Enthält:Milch und daraus gewonnene Erzeugnisse (inkl. Laktose), Schalenfrüchte und daraus gewonnene Erzeugnisse"]},{"key":"Identitätskennzeichen:","value":["FR 24.256.002 CE"]},{"key":"Kontakt:","value":["Bresso","PF 45, 1104 Wien, Österreich"]}],"nutritions":[{"key":"","value":"Unzubereitet"},{"key":" ","value":"100 g"},{"key":"Energie","value":"1354 kJ | 328 kcal"},{"key":"Fett","value":"31 g"},{"key":"Fett, davon gesättigte Fettsäuren","value":"21 g"},{"key":"Kohlenhydrate","value":"5,5 g"},{"key":"Kohlenhydrate, davon Zucker","value":"5 g"},{"key":"Eiweiß","value":"6,7 g"},{"key":"Salz","value":"1 g"},{"key":"","value":"Unzubereitet"},{"key":" ","value":"Portion (20 g)"},{"key":"Energie","value":"271 kJ | 66 kcal"},{"key":"Fett","value":"6,2 g"},{"key":"Fett, davon gesättigte Fettsäuren","value":"4,2 g"},{"key":"Kohlenhydrate","value":"1,1 g"},{"key":"Kohlenhydrate, davon Zucker","value":"1 g"},{"key":"Eiweiß","value":"1,3 g"},{"key":"Salz","value":"0,2 g"}],"tags":["Gekühlt"]},
    {"url":"https://www.interspar.at/shop/lebensmittel/p/161695","data":[{"key":"price","value":"1,99 €"},{"key":"oldPrice","value":"\n\t\t\t\t\t\n\t\t\t\t\t \n\t\t\t\t"},{"key":"pricePerUnit","value":"(9.95 €/kg)"},{"key":"productDetailsName","value":"Alfa - Schafkäse - 200 G"},{"key":"detailsDescription","value":"200 G"},{"key":"articleNumber","value":"Artikelnummer: 161695"},{"key":"Lagerhinweis:","value":["Lagern bei Temperaturen von 0°C bis 4°C."]},{"key":"Zutaten:","value":["Zutaten: Pasteurisierte SCHAFMILCH, Salz, Kultur, Lab. In Großbuchstaben angegebene Zutaten enthalten allergene Inhaltsstoffe."]},{"key":"Allergene:","value":["Enthält:Milch und daraus gewonnene Erzeugnisse (inkl. Laktose)"]},{"key":"Identitätskennzeichen:","value":["BG 0812009 EO"]},{"key":"Ursprungsland/Herkunftsort:","value":["Griechenland"]},{"key":"Kontakt:","value":["Nordex Food Austria GesmbH","Sulzbacherstraße 33, 4820 Bad Ischl, Österreich"]}],"nutritions":[{"key":"","value":"Unzubereitet"},{"key":" ","value":"100 g"},{"key":"Energie","value":"1086 kJ | 262 kcal"},{"key":"Fett","value":"22 g"},{"key":"Fett, davon gesättigte Fettsäuren","value":"16 g"},{"key":"Kohlenhydrate","value":"1 g"},{"key":"Kohlenhydrate, davon Zucker","value":"0,8 g"},{"key":"Eiweiß","value":"15 g"},{"key":"Salz","value":"3,3 g"}],"tags":["Glutenfrei"]},
    {"url":"https://www.interspar.at/shop/lebensmittel/p/2020001633272","data":[{"key":"price","value":"1,99 €"},{"key":"oldPrice","value":"\n\t\t\t\t\t\n\t\t\t\t\t \n\t\t\t\t"},{"key":"pricePerUnit","value":"(7.96 €/kg)"},{"key":"productDetailsName","value":"SPAR free from - Mascarpone - 250 G"},{"key":"detailsDescription","value":"250 G"},{"key":"articleNumber","value":"Artikelnummer: 2020001633272"},{"key":"Lagerhinweis:","value":["Gekühlt lagern! Nach dem Öffnen innerhalb von 2 Tagen verbrauchen."]},{"key":"Zutaten:","value":["Zutaten: laktosefreier RAHM, Säuerungsmittel: Citronensäure. In Großbuchstaben angegebene Zutaten enthalten allergene Inhaltsstoffe."]},{"key":"Allergene:","value":["Enthält:Milch und daraus gewonnene Erzeugnisse (inkl. Laktose)"]},{"key":"","value":["Laktosefrei"]},{"key":"Identitätskennzeichen:","value":["IT 03 131 CE"]},{"key":"Ursprungsland/Herkunftsort:","value":["Sorgfältig hergestellt in Italien"]},{"key":"Verbrauchen nach dem Öffnen:","value":["2 Tage"]},{"key":"Kontakt:","value":["SPAR Österr. Warenhandels-AG","Europastraße 3, 5015 Salzburg, Österreich","office@spar.at"]}],"nutritions":[{"key":"","value":"Unzubereitet"},{"key":" ","value":"100 g"},{"key":"Energie","value":"1463 kJ | 355 kcal"},{"key":"Fett","value":"35 g"},{"key":"Fett, davon gesättigte Fettsäuren","value":"25 g"},{"key":"Kohlenhydrate","value":"2,1 g"},{"key":"Kohlenhydrate, davon Zucker","value":"2,1 g"},{"key":"Ballaststoffe","value":"0 g"},{"key":"Eiweiß","value":"7,8 g"},{"key":"Salz","value":"0,29 g"},{"key":"Broteinheiten","value":"0,2 BE"},{"key":"Laktose","value":"< 0,1 g"}],"tags":["Gekühlt","Lactosefrei"]},
    {"url":"https://www.interspar.at/shop/lebensmittel/p/7653780","data":[{"key":"price","value":"0,73 €"},{"key":"oldPrice","value":"\n\t\t\t\t\t\n\t\t\t\t\t \n\t\t\t\t"},{"key":"pricePerUnit","value":"(14.50 €/kg)"},{"key":"productDetailsName","value":"Cheddar -  - 1 KG"},{"key":"detailsDescription","value":"1 KG"},{"key":"articleNumber","value":"Artikelnummer: 7653780"},{"key":"Lagerhinweis:","value":["Gekühlt lagern."]},{"key":"Zutaten:","value":["Zutaten: pasteurisierte KUHMILCH, Käsereisalze, pflanzliches Lab, Käsekulturen, Farbstoff: Annatto. In Großbuchstaben angegebene Zutaten enthalten allergene Inhaltsstoffe."]},{"key":"Allergene:","value":["Enthält:Milch und daraus gewonnene Erzeugnisse (inkl. Laktose)"]},{"key":"Identitätskennzeichen:","value":["UK AC006EC"]},{"key":"Ursprungsland/Herkunftsort:","value":["England"]},{"key":"Kontakt:","value":["ARLA Ltd."]}],"nutritions":[{"key":"","value":"Unzubereitet"},{"key":" ","value":"100 g"},{"key":"Energie","value":"1618 kJ | 390 kcal"},{"key":"Fett","value":"32 g"},{"key":"Fett, davon gesättigte Fettsäuren","value":"21 g"},{"key":"Kohlenhydrate","value":"0,1 g"},{"key":"Kohlenhydrate, davon Zucker","value":"0,1 g"},{"key":"Ballaststoffe","value":"0 g"},{"key":"Eiweiß","value":"25,5 g"},{"key":"Salz","value":"1,8 g"}],"tags":["Gekühlt","Glutenfrei"]},
    {"url":"https://www.interspar.at/shop/lebensmittel/p/7898242","data":[{"key":"price","value":"0,74 €"},{"key":"oldPrice","value":"\n\t\t\t\t\t\n\t\t\t\t\t \n\t\t\t\t"},{"key":"pricePerUnit","value":"(14.90 €/kg)"},{"key":"productDetailsName","value":"Edamer Kugel -  - 1 KG"},{"key":"detailsDescription","value":"1 KG"},{"key":"articleNumber","value":"Artikelnummer: 7898242"},{"key":"Lagerhinweis:","value":["Gekühlt lagern."]},{"key":"Zutaten:","value":["Zutaten: pasteurisierte KUHMILCH, Kochsalz, Festigungsmittel: Calciumchlorid, tierisches Lab, Farbstoff: Beta Carotin. Käsedeckmittel mit Natamycin behandelt und gewachst. In Großbuchstaben angegebene Zutaten enthalten allergene Inhaltsstoffe."]},{"key":"Allergene:","value":["Enthält:Milch und daraus gewonnene Erzeugnisse (inkl. Laktose)"]},{"key":"Ursprungsland/Herkunftsort:","value":["Niederlande"]},{"key":"Kontakt:","value":["Visser Kaashandel B.V."]}],"nutritions":[{"key":"","value":"Unzubereitet"},{"key":" ","value":"100 g"},{"key":"Energie","value":"321 kJ | 0 kcal"},{"key":"Fett","value":"24 g"},{"key":"Fett, davon gesättigte Fettsäuren","value":"16 g"},{"key":"Kohlenhydrate","value":"0 g"},{"key":"Kohlenhydrate, davon Zucker","value":"0 g"},{"key":"Ballaststoffe","value":"0 g"},{"key":"Eiweiß","value":"25,9 g"},{"key":"Salz","value":"2,1 g"}],"tags":["Gekühlt","Glutenfrei"]},
    {"url":"https://www.interspar.at/shop/lebensmittel/p/6759292","data":[{"key":"price","value":"0,99 €"},{"key":"oldPrice","value":"\n\t\t\t\t\t\n\t\t\t\t\t \n\t\t\t\t"},{"key":"pricePerUnit","value":"(1.98 €/kg)"},{"key":"productDetailsName","value":"SPAR Natur*pur - Bio-Trinkjogurt Apfel-Holunder - 500 G"},{"key":"detailsDescription","value":"500 G"},{"key":"articleNumber","value":"Artikelnummer: 6759292"},{"key":"Lagerhinweis:","value":["Vor und nach dem Öffnen gekühlt lagern. Nach dem Öffnen innerhalb weniger Tage verbrauchen."]},{"key":"Zutaten:","value":["Zutaten: TRINKJOGURT*, Rohrzucker*, Apfelsaft* aus Apfelsaftkonzentrat, Holundersaft* aus Holundersaftkonzentrat, Zitronensaftkonzentrat*, Verdickungsmittel: Johannisbrotkernmehl*, natürliches Aroma. *aus biologischer Landwirtschaft. In Großbuchstaben angegebene Zutaten enthalten allergene Inhaltsstoffe."]},{"key":"Allergene:","value":["Enthält:Milch und daraus gewonnene Erzeugnisse (inkl. Laktose)"]},{"key":"Bio-Kontrollstelle:","value":["AT-BIO-902"]},{"key":"Ökoherkunft:","value":["EU-/Nicht-EU-Landwirtschaft"]},{"key":"Identitätskennzeichen:","value":["AT 50151 EG"]},{"key":"Ursprungsland/Herkunftsort:","value":["hergestellt in Österreich"]},{"key":"Verwendungshinweis:","value":["Vor dem Öffnen gut schütteln!"]},{"key":"Kontakt:","value":["SPAR Österr. Warenhandels-AG","Europastraße 3, 5015 Salzburg, Österreich"]}],"nutritions":[{"key":"","value":"Unzubereitet"},{"key":" ","value":"100 g"},{"key":"Energie","value":"288 kJ | 68 kcal"},{"key":"Fett","value":"0,8 g"},{"key":"Fett, davon gesättigte Fettsäuren","value":"0,5 g"},{"key":"Kohlenhydrate","value":"12 g"},{"key":"Kohlenhydrate, davon Zucker","value":"12 g"},{"key":"Ballaststoffe","value":"< 0,5 g"},{"key":"Eiweiß","value":"2,7 g"},{"key":"Salz","value":"0,1 g"},{"key":"Broteinheiten","value":"1 BE"},{"key":"","value":"Unzubereitet"},{"key":" ","value":"Portion (250 g)"},{"key":"Energie","value":"720 kJ | 170 kcal"},{"key":"Fett","value":"2 g"},{"key":"Fett, davon gesättigte Fettsäuren","value":"1,3 g"},{"key":"Kohlenhydrate","value":"30 g"},{"key":"Kohlenhydrate, davon Zucker","value":"30 g"},{"key":"Ballaststoffe","value":"< 0,5 g"},{"key":"Eiweiß","value":"6,8 g"},{"key":"Salz","value":"0,25 g"},{"key":"Broteinheiten","value":"2,5 BE"}],"tags":["Bio"]},
    {"url":"https://www.interspar.at/shop/lebensmittel/p/6759377","data":[{"key":"price","value":"0,99 €"},{"key":"oldPrice","value":"\n\t\t\t\t\t\n\t\t\t\t\t \n\t\t\t\t"},{"key":"pricePerUnit","value":"(1.98 €/kg)"},{"key":"productDetailsName","value":"SPAR Natur*pur - Bio-Trinkjogurt Vanille - 500 G"},{"key":"detailsDescription","value":"500 G"},{"key":"articleNumber","value":"Artikelnummer: 6759377"},{"key":"Lagerhinweis:","value":["Vor und nach dem Öffnen gekühlt lagern. Nach dem Öffnen innerhalb weniger Tage verbrauchen."]},{"key":"Zutaten:","value":["Zutaten: TRINKJOGURT*, Rohrzucker*, Bourbon-Vanilleschotenextrakt*, Zitronensaftkonzentrat*, natürliches Aroma, Verdickungsmittel: Johannisbrotkernmehl*. *aus biologischer Landwirtschaft. In Großbuchstaben angegebene Zutaten enthalten allergene Inhaltsstoffe."]},{"key":"Allergene:","value":["Enthält:Milch und daraus gewonnene Erzeugnisse (inkl. Laktose)"]},{"key":"Bio-Kontrollstelle:","value":["AT-BIO-902"]},{"key":"Ökoherkunft:","value":["EU-/Nicht-EU-Landwirtschaft"]},{"key":"Identitätskennzeichen:","value":["AT 50151 EG"]},{"key":"Ursprungsland/Herkunftsort:","value":["hergestellt in Österreich"]},{"key":"Kontakt:","value":["SPAR Österr. Warenhandels-AG","Europastraße 3, 5015 Salzburg, Österreich"]}],"nutritions":[{"key":"","value":"Unzubereitet"},{"key":" ","value":"100 g"},{"key":"Energie","value":"288 kJ | 68 kcal"},{"key":"Fett","value":"0,8 g"},{"key":"Fett, davon gesättigte Fettsäuren","value":"0,5 g"},{"key":"Kohlenhydrate","value":"12 g"},{"key":"Kohlenhydrate, davon Zucker","value":"12 g"},{"key":"Ballaststoffe","value":"< 0,5 g"},{"key":"Eiweiß","value":"2,7 g"},{"key":"Salz","value":"0,1 g"},{"key":"Broteinheiten","value":"1 BE"},{"key":"","value":"Unzubereitet"},{"key":" ","value":"Portion (250 g)"},{"key":"Energie","value":"719 kJ | 170 kcal"},{"key":"Fett","value":"2 g"},{"key":"Fett, davon gesättigte Fettsäuren","value":"1,3 g"},{"key":"Kohlenhydrate","value":"30 g"},{"key":"Kohlenhydrate, davon Zucker","value":"30 g"},{"key":"Ballaststoffe","value":"< 0,5 g"},{"key":"Eiweiß","value":"6,8 g"},{"key":"Salz","value":"0,25 g"},{"key":"Broteinheiten","value":"2,5 BE"}],"tags":["Bio"]},
    {"url":"https://www.interspar.at/shop/lebensmittel/p/6759438","data":[{"key":"price","value":"0,99 €"},{"key":"oldPrice","value":"\n\t\t\t\t\t\n\t\t\t\t\t \n\t\t\t\t"},{"key":"pricePerUnit","value":"(1.98 €/kg)"},{"key":"productDetailsName","value":"SPAR Natur*pur - Bio-Trinkjogurt Pfirsich-Marille - 500 G"},{"key":"detailsDescription","value":"500 G"},{"key":"articleNumber","value":"Artikelnummer: 6759438"},{"key":"Lagerhinweis:","value":["Vor und nach dem Öffnen gekühlt lagern. Nach dem Öffnen innerhalb weniger Tage verbrauchen."]},{"key":"Zutaten:","value":["Zutaten: TRINKJOGURT, Rohrzucker*, 3,5% Pfirsichpüree*, 3,5% Marillenpüree*, Zitronensaftkonzentrat*, Verdickungsmittel: Johannisbrotkernmehl*, natürliches Aroma. *aus biologischer Landwirtschaft. In Großbuchstaben angegebene Zutaten enthalten allergene Inhaltsstoffe."]},{"key":"Allergene:","value":["Enthält:Milch und daraus gewonnene Erzeugnisse (inkl. Laktose)"]},{"key":"Bio-Kontrollstelle:","value":["AT-BIO-902"]},{"key":"Ökoherkunft:","value":["EU-/Nicht-EU-Landwirtschaft"]},{"key":"Identitätskennzeichen:","value":["AT 50151 EG"]},{"key":"Ursprungsland/Herkunftsort:","value":["hergestellt in Österreich"]},{"key":"Kontakt:","value":["SPAR Österr. Warenhandels-AG","Europastraße 3, 5015 Salzburg, Österreich"]}],"nutritions":[{"key":"","value":"Unzubereitet"},{"key":" ","value":"100 g"},{"key":"Energie","value":"274 kJ | 65 kcal"},{"key":"Fett","value":"0,8 g"},{"key":"Fett, davon gesättigte Fettsäuren","value":"0,5 g"},{"key":"Kohlenhydrate","value":"11 g"},{"key":"Kohlenhydrate, davon Zucker","value":"11 g"},{"key":"Ballaststoffe","value":"< 0,5 g"},{"key":"Eiweiß","value":"2,8 g"},{"key":"Salz","value":"0,1 g"},{"key":"Broteinheiten","value":"0,9 BE"},{"key":"","value":"Zubereitet"},{"key":" ","value":"Portion (250 g)"},{"key":"Energie","value":"648 kJ | 162 kcal"},{"key":"Fett","value":"2 g"},{"key":"Fett, davon gesättigte Fettsäuren","value":"1,3 g"},{"key":"Kohlenhydrate","value":"28 g"},{"key":"Kohlenhydrate, davon Zucker","value":"28 g"},{"key":"Ballaststoffe","value":"< 0,5 g"},{"key":"Eiweiß","value":"7 g"},{"key":"Salz","value":"0,25 g"},{"key":"Broteinheiten","value":"2,3 BE"}],"tags":["Bio"]},
    {"url":"https://www.interspar.at/shop/lebensmittel/p/1176674","data":[{"key":"price","value":"1,29 €"},{"key":"oldPrice","value":"\n\t\t\t\t\t\n\t\t\t\t\t \n\t\t\t\t"},{"key":"pricePerUnit","value":"(1.29 €/l)"},{"key":"productDetailsName","value":"SPAR Natur*pur - Bio-Bergbauern Vollmilch 3,5% Fett - 1 L"},{"key":"detailsDescription","value":"1 L"},{"key":"articleNumber","value":"Artikelnummer: 1176674"},{"key":"Lagerhinweis:","value":["Vor und nach dem Öffnen gekühlt (3-6°C) lagern. Nach dem Öffnen innerhalb von 3 Tagen genießen."]},{"key":"Allergene:","value":["Enthält:Milch und daraus gewonnene Erzeugnisse (inkl. Laktose)"]},{"key":"Bio-Kontrollstelle:","value":["AT-BIO-902"]},{"key":"Ökoherkunft:","value":["Österreich-Landwirtschaft"]},{"key":"Identitätskennzeichen:","value":["AT 30751 EG"]},{"key":"Ursprungsland/Herkunftsort:","value":["Qualität aus Österreich"]},{"key":"Verbrauchen nach dem Öffnen:","value":["3 Tage"]},{"key":"Kontakt:","value":["SPAR Österr. Warenhandels-AG","Europastraße 3, 5015 Salzburg, Österreich"]}],"nutritions":[{"key":"","value":"Unzubereitet"},{"key":" ","value":"100 ml"},{"key":"Energie","value":"267 kJ | 64 kcal"},{"key":"Fett","value":"3,5 g"},{"key":"Fett, davon gesättigte Fettsäuren","value":"2,3 g"},{"key":"Kohlenhydrate","value":"4,8 g"},{"key":"Kohlenhydrate, davon Zucker","value":"4,8 g"},{"key":"Ballaststoffe","value":"0 g"},{"key":"Eiweiß","value":"3,3 g"},{"key":"Salz","value":"0,13 g"},{"key":"Kalzium","value":"120 mg | 15 %"},{"key":"Broteinheiten","value":"0,4 BE"},{"key":"","value":"Unzubereitet"},{"key":" ","value":"Portion (250 ml)"},{"key":"Energie","value":"668 kJ | 160 kcal"},{"key":"Fett","value":"8,8 g"},{"key":"Fett, davon gesättigte Fettsäuren","value":"5,8 g"},{"key":"Kohlenhydrate","value":"12 g"},{"key":"Kohlenhydrate, davon Zucker","value":"12 g"},{"key":"Ballaststoffe","value":"0 g"},{"key":"Eiweiß","value":"8,3 g"},{"key":"Salz","value":"0,33 g"},{"key":"Kalzium","value":"300 mg | 15 %"},{"key":"Broteinheiten","value":"1 BE"}],"tags":["Bio","immer Billig"]},
    {"url":"https://www.interspar.at/shop/lebensmittel/p/2020000842439","data":[{"key":"price","value":"0,89 €"},{"key":"oldPrice","value":"\n\t\t\t\t\t\n\t\t\t\t\t \n\t\t\t\t"},{"key":"pricePerUnit","value":"(3.56 €/kg)"},{"key":"productDetailsName","value":"SPAR Natur*pur - Bio-Sauerrahm aus Wiesenmilch - 250 G"},{"key":"detailsDescription","value":"250 G"},{"key":"articleNumber","value":"Artikelnummer: 2020000842439"},{"key":"Lagerhinweis:","value":["Vor und nach dem Öffnen gekühlt lagern. Nach dem Öffnen innerhalb von 2-4 Tagen aufbrauchen!"]},{"key":"Zutaten:","value":["Zutaten: SAUERRAHM aus biologischer Landwirtschaft. In Großbuchstaben angegebene Zutaten enthalten allergene Inhaltsstoffe."]},{"key":"Allergene:","value":["Enthält:Milch und daraus gewonnene Erzeugnisse (inkl. Laktose)"]},{"key":"Bio-Kontrollstelle:","value":["AT-BIO-301"]},{"key":"Ökoherkunft:","value":["Österreich-Landwirtschaft"]},{"key":"Identitätskennzeichen:","value":["AT 20130 EG"]},{"key":"Ursprungsland/Herkunftsort:","value":["Qualität aus Österreich"]},{"key":"Verbrauchen nach dem Öffnen:","value":["2 Tage"]},{"key":"Kontakt:","value":["SPAR Österr. Warenhandels-AG","Europastraße 3, 5015 Salzburg, Österreich"]}],"nutritions":[{"key":"","value":"Unzubereitet"},{"key":" ","value":"100 g"},{"key":"Energie","value":"669 kJ | 162 kcal"},{"key":"Fett","value":"15 g"},{"key":"Fett, davon gesättigte Fettsäuren","value":"11 g"},{"key":"Kohlenhydrate","value":"3,2 g"},{"key":"Kohlenhydrate, davon Zucker","value":"3,2 g"},{"key":"Ballaststoffe","value":"0 g"},{"key":"Eiweiß","value":"3 g"},{"key":"Salz","value":"0,13 g"},{"key":"Broteinheiten","value":"0,3 BE"}],"tags":["Bio"]},
    {"url":"https://www.interspar.at/shop/lebensmittel/p/1651461","data":[{"key":"price","value":"0,25 €"},{"key":"oldPrice","value":"\n\t\t\t\t\t\n\t\t\t\t\t \n\t\t\t\t"},{"key":"pricePerUnit","value":"(1.25 €/kg)"},{"key":"productDetailsName","value":"S-BUDGET - Schokopudding mit Sahne - 200 G"},{"key":"detailsDescription","value":"200 G"},{"key":"articleNumber","value":"Artikelnummer: 1651461"},{"key":"Lagerhinweis:","value":["Vor dem Öffnen gekühlt lagern."]},{"key":"Zutaten:","value":["Zutaten: entrahmte MILCH, Wasser, Sahnetopping 11% (7,7% SAHNE, entrahmte MILCH, Fructosesirup, Speisegelatine, NATRIUMCASEINAT, Speisesalz, Stickstoff), Zucker, modifizierte Stärke, MILCHZUCKER, fettarmes Kakaopulver 1,1%, RAHM, Verdickungsmittel Carrageen, Süßungsmittel Saccharin. In Großbuchstaben angegebene Zutaten enthalten allergene Inhaltsstoffe."]},{"key":"Allergene:","value":["Enthält:Milch und daraus gewonnene Erzeugnisse (inkl. Laktose)"]},{"key":"Identitätskennzeichen:","value":["AT 70149 EG"]},{"key":"Ursprungsland/Herkunftsort:","value":["hergestellt in Österreich"]},{"key":"Kontakt:","value":["SPAR Österr. Warenhandels-AG","Europastraße 3, 5015 Salzburg, Österreich"]}],"nutritions":[{"key":"","value":"Unzubereitet"},{"key":" ","value":"100 g"},{"key":"Energie","value":"363 kJ | 86 kcal"},{"key":"Fett","value":"2,6 g"},{"key":"Fett, davon gesättigte Fettsäuren","value":"1,1 g"},{"key":"Kohlenhydrate","value":"13,6 g"},{"key":"Kohlenhydrate, davon Zucker","value":"11,3 g"},{"key":"Ballaststoffe","value":"0,2 g"},{"key":"Eiweiß","value":"2 g"},{"key":"Salz","value":"0,07 g"},{"key":"Broteinheiten","value":"1,1 BE"}],"tags":["immer Billig"]},
    {"url":"https://www.interspar.at/shop/lebensmittel/p/1651584","data":[{"key":"price","value":"0,25 €"},{"key":"oldPrice","value":"\n\t\t\t\t\t\n\t\t\t\t\t \n\t\t\t\t"},{"key":"pricePerUnit","value":"(1.25 €/kg)"},{"key":"productDetailsName","value":"S-BUDGET - Vanillepudding mit Sahne - 200 G"},{"key":"detailsDescription","value":"200 G"},{"key":"articleNumber","value":"Artikelnummer: 1651584"},{"key":"Lagerhinweis:","value":["Vor dem Öffnen gekühlt lagern!"]},{"key":"Zutaten:","value":["Zutaten: Entrahmte MILCH, Wasser, Sahnezubereitung 11% (SAHNE 7,8%, entrahmte MILCH, Fruktosesirup, Speisegelatine, MILCHEIWEISS, Speisesalz, Stickstoff), Zucker, modifizierte Stärke, SAHNE 1,6%, Verdickungsmittel: Carrageen, Aroma, Farbstoff: Beta-Carotin. In Großbuchstaben angegebene Zutaten enthalten allergene Inhaltsstoffe."]},{"key":"Allergene:","value":["Enthält:Milch und daraus gewonnene Erzeugnisse (inkl. Laktose)"]},{"key":"Identitätskennzeichen:","value":["AT 70149 EG"]},{"key":"Ursprungsland/Herkunftsort:","value":["hergestellt in Österreich"]},{"key":"Kontakt:","value":["SPAR Österr. Warenhandels-AG","Europastraße 3, 5015 Salzburg, Österreich"]}],"nutritions":[{"key":"","value":"Unzubereitet"},{"key":" ","value":"100 g"},{"key":"Energie","value":"406 kJ | 97 kcal"},{"key":"Fett","value":"2,9 g"},{"key":"Fett, davon gesättigte Fettsäuren","value":"1,9 g"},{"key":"Kohlenhydrate","value":"15 g"},{"key":"Kohlenhydrate, davon Zucker","value":"12 g"},{"key":"Ballaststoffe","value":"0,2 g"},{"key":"Eiweiß","value":"2,5 g"},{"key":"Salz","value":"0,12 g"},{"key":"Broteinheiten","value":"1,2 BE"}],"tags":["immer Billig"]},
    {"url":"https://www.interspar.at/shop/lebensmittel/p/8186461","data":[{"key":"price","value":"1,79 €"},{"key":"oldPrice","value":"\n\t\t\t\t\t\n\t\t\t\t\t \n\t\t\t\t"},{"key":"pricePerUnit","value":"(2.39 €/l)"},{"key":"productDetailsName","value":"SPAR - Ziegenheumilch mind. 2,8% Fett - 0,75 L"},{"key":"detailsDescription","value":"0,75 L"},{"key":"articleNumber","value":"Artikelnummer: 8186461"},{"key":"Lagerhinweis:","value":["Vor und nach dem Öffnen gekühlt lagern und nach dem Öffnen innerhalb weniger Tage verbauchen."]},{"key":"Zutaten:","value":["Zutaten: ZIEGENMILCH. In Großbuchstaben angegebene Zutaten enthalten allergene Inhaltsstoffe."]},{"key":"Allergene:","value":["Enthält:Milch und daraus gewonnene Erzeugnisse (inkl. Laktose)"]},{"key":"Identitätskennzeichen:","value":["AT 70128 EG"]},{"key":"Ursprungsland/Herkunftsort:","value":["hergestellt in Tirol"]},{"key":"Kontakt:","value":["SPAR Österr. Warenhandels-AG","Europastraße 3, 5015 Salzburg, Österreich"]}],"nutritions":[{"key":" ","value":"100 ml"},{"key":"","value":"Unzubereitet"},{"key":"Energie","value":"253 kJ | 60 kcal"},{"key":"Fett","value":"3,2 g"},{"key":"Fett, davon gesättigte Fettsäuren","value":"1,5 g"},{"key":"Kohlenhydrate","value":"4,8 g"},{"key":"Kohlenhydrate, davon Zucker","value":"4,8 g"},{"key":"Ballaststoffe","value":"0 g"},{"key":"Eiweiß","value":"3,1 g"},{"key":"Salz","value":"0,01 g"},{"key":"Broteinheiten","value":"0,4 BE"},{"key":" ","value":"Portion (250 ml)"},{"key":"","value":"Unzubereitet"},{"key":"Energie","value":"632 kJ | 151 kcal"},{"key":"Fett","value":"8 g"},{"key":"Fett, davon gesättigte Fettsäuren","value":"3,8 g"},{"key":"Kohlenhydrate","value":"12 g"},{"key":"Kohlenhydrate, davon Zucker","value":"12 g"},{"key":"Ballaststoffe","value":"0 g"},{"key":"Eiweiß","value":"7,8 g"},{"key":"Salz","value":"0,03 g"},{"key":"Broteinheiten","value":"1 BE"}],"tags":[]},
    {"url":"https://www.interspar.at/shop/lebensmittel/p/6055974","data":[{"key":"price","value":"0,95 €"},{"key":"oldPrice","value":"\n\t\t\t\t\t\n\t\t\t\t\t \n\t\t\t\t"},{"key":"pricePerUnit","value":"(18.90 €/kg)"},{"key":"productDetailsName","value":"SPAR Natur*pur - Bio-Bergkäse aus Vorarlberg - 1 KG"},{"key":"detailsDescription","value":"1 KG"},{"key":"articleNumber","value":"Artikelnummer: 6055974"},{"key":"Lagerhinweis:","value":["Gekühlt bei +2°C bis +9°C lagern."]},{"key":"Allergene:","value":["Enthält:Milch und daraus gewonnene Erzeugnisse (inkl. Laktose)"]},{"key":"","value":["Laktosefrei"]},{"key":"Bio-Kontrollstelle:","value":["AT-BIO-301"]},{"key":"Ökoherkunft:","value":["Österreich-Landwirtschaft"]},{"key":"Identitätskennzeichen:","value":["AT 80286 EG"]},{"key":"Zusatztext:","value":["6 Monate gereift"]},{"key":"Ursprungsland/Herkunftsort:","value":["Qualität aus Österreich"]},{"key":"Kontakt:","value":["SPAR Österr. Warenhandels-AG","Europastraße 3, 5015 Salzburg, Österreich"]}],"nutritions":[{"key":"","value":"Unzubereitet"},{"key":" ","value":"100 g"},{"key":"Energie","value":"1706 kJ | 411 kcal"},{"key":"Fett","value":"32,5 g"},{"key":"Fett, davon gesättigte Fettsäuren","value":"25,7 g"},{"key":"Kohlenhydrate","value":"0,1 g"},{"key":"Kohlenhydrate, davon Zucker","value":"0,1 g"},{"key":"Ballaststoffe","value":"0,1 g"},{"key":"Eiweiß","value":"29,6 g"},{"key":"Salz","value":"1,5 g"}],"tags":["Gekühlt","Bio","Glutenfrei","Lactosefrei"]},
    {"url":"https://www.interspar.at/shop/lebensmittel/p/2160016","data":[{"key":"price","value":"2,99 €"},{"key":"oldPrice","value":"\n\t\t\t\t\t\n\t\t\t\t\t \n\t\t\t\t"},{"key":"pricePerUnit","value":"(14.95 €/kg)"},{"key":"productDetailsName","value":"SPAR Natur*pur - Bio-Bergkäse aus Heumilch - 200 G"},{"key":"detailsDescription","value":"200 G"},{"key":"articleNumber","value":"Artikelnummer: 2160016"},{"key":"Lagerhinweis:","value":["Vor und nach dem Öffnen gekühlt lagern. Nach dem Öffnen innerhalb weniger Tage genießen."]},{"key":"Zutaten:","value":["Zutaten: ROHMILCH*, Speisesalz unjodiert, Lab. *aus biologischer Landwirtschaft. In Großbuchstaben angegebene Zutaten enthalten allergene Inhaltsstoffe."]},{"key":"Allergene:","value":["Enthält:Milch und daraus gewonnene Erzeugnisse (inkl. Laktose)"]},{"key":"","value":["Laktosefrei"]},{"key":"Bio-Kontrollstelle:","value":["DE-ÖKO-003"]},{"key":"Ökoherkunft:","value":["Österreich-Landwirtschaft"]},{"key":"Identitätskennzeichen:","value":["DE BY 13136 EG"]},{"key":"Zusatztext:","value":["Heumlich AMA-Linzenznummer: 1002 8058"]},{"key":"Ursprungsland/Herkunftsort:","value":["gekäst in Österreich"]},{"key":"Kontakt:","value":["SPAR Österr. Warenhandels-AG","Europastraße 3, 5015 Salzburg, Österreich","office@spar.at"]}],"nutritions":[{"key":"","value":"Unzubereitet"},{"key":" ","value":"100 g"},{"key":"Energie","value":"1626 kJ | 392 kcal"},{"key":"Fett","value":"32 g"},{"key":"Fett, davon gesättigte Fettsäuren","value":"26 g"},{"key":"Kohlenhydrate","value":"0 g"},{"key":"Kohlenhydrate, davon Zucker","value":"0 g"},{"key":"Ballaststoffe","value":"0 g"},{"key":"Eiweiß","value":"26 g"},{"key":"Salz","value":"1,5 g"},{"key":"Broteinheiten","value":"0 BE"}],"tags":["Gekühlt","Bio","Glutenfrei","Lactosefrei"]},
    {"url":"https://www.interspar.at/shop/lebensmittel/p/2020001650637","data":[{"key":"price","value":"1,09 €"},{"key":"oldPrice","value":"\n\t\t\t\t\t\n\t\t\t\t\t \n\t\t\t\t"},{"key":"pricePerUnit","value":"(2.18 €/kg)"},{"key":"productDetailsName","value":"NÖM fasten - Joghurtdrink Natur 0,1% Fett - 500 G"},{"key":"detailsDescription","value":"500 G"},{"key":"articleNumber","value":"Artikelnummer: 2020001650637"},{"key":"Lagerhinweis:","value":["Nach dem Öffnen gekühlt (3-9°C) lagern."]},{"key":"Zutaten:","value":["Zutaten: Joghurtdrink aus entrahmter pasteurisierter Milch** mit 0,1% Fett. In Großbuchstaben angegebene Zutaten enthalten allergene Inhaltsstoffe."]},{"key":"Allergene:","value":["Enthält:Milch und daraus gewonnene Erzeugnisse (inkl. Laktose)"]},{"key":"Identitätskennzeichen:","value":["AT 30960 EG"]},{"key":"Verwendungshinweis:","value":["und innerhalb von 2-3 Tagen verbrauchen. Vor dem Öffnen gut schütteln."]},{"key":"Kontakt:","value":["NÖM AG","Vöslauer Straße 109, 2500 Baden, Austria","www.noem.at","www.noemfasten.at","0800 800 500"]}],"nutritions":[{"key":"","value":"Unzubereitet"},{"key":"Energie","value":"137 kJ | 32 kcal"},{"key":"Fett","value":"0,1 g"},{"key":"Fett, davon gesättigte Fettsäuren","value":"0,06 g"},{"key":"Kohlenhydrate","value":"3,9 g"},{"key":"Kohlenhydrate, davon Zucker","value":"3,9 g"},{"key":"Ballaststoffe","value":"0 g"},{"key":"Eiweiß","value":"3,5 g"},{"key":"Salz","value":"0,1 g"},{"key":"","value":"Unzubereitet"},{"key":"Energie","value":"343 kJ | 80 kcal | 4 %"},{"key":"Fett","value":"0,3 g | 1 %"},{"key":"Fett, davon gesättigte Fettsäuren","value":"0,15 g | 1 %"},{"key":"Kohlenhydrate","value":"9,8 g | 4 %"},{"key":"Kohlenhydrate, davon Zucker","value":"9,8 g | 11 %"},{"key":"Ballaststoffe","value":"0 g"},{"key":"Eiweiß","value":"8,8 g | 18 %"},{"key":"Salz","value":"0,25 g | 4 %"}],"tags":[]},
    {"url":"https://www.interspar.at/shop/lebensmittel/p/2020001705603","data":[{"key":"price","value":"0,99 €"},{"key":"oldPrice","value":"\n\t\t\t\t\t\n\t\t\t\t\t \n\t\t\t\t"},{"key":"pricePerUnit","value":"(3.00 €/l)"},{"key":"productDetailsName","value":"Kärntnermilch - Jogurtdrink Erdbeer - 330 ML"},{"key":"detailsDescription","value":"330 ML"},{"key":"articleNumber","value":"Artikelnummer: 2020001705603"}],"nutritions":[],"tags":["Lactosefrei"]},
    {"url":"https://www.interspar.at/shop/lebensmittel/p/2020001705696","data":[{"key":"price","value":"0,99 €"},{"key":"oldPrice","value":"\n\t\t\t\t\t\n\t\t\t\t\t \n\t\t\t\t"},{"key":"pricePerUnit","value":"(3.00 €/l)"},{"key":"productDetailsName","value":"Kärntnermilch - Jogurtdrink Banane - 330 ML"},{"key":"detailsDescription","value":"330 ML"},{"key":"articleNumber","value":"Artikelnummer: 2020001705696"}],"nutritions":[],"tags":["Lactosefrei"]},
    {"url":"https://www.interspar.at/shop/lebensmittel/p/2020001705726","data":[{"key":"price","value":"0,99 €"},{"key":"oldPrice","value":"\n\t\t\t\t\t\n\t\t\t\t\t \n\t\t\t\t"},{"key":"pricePerUnit","value":"(3.00 €/l)"},{"key":"productDetailsName","value":"Kärntnermilch - Jogurtdrink Himbeer - 330 ML"},{"key":"detailsDescription","value":"330 ML"},{"key":"articleNumber","value":"Artikelnummer: 2020001705726"}],"nutritions":[],"tags":["Lactosefrei"]},
    {"url":"https://www.interspar.at/shop/lebensmittel/p/2020002052003","data":[{"key":"price","value":"1,09 €"},{"key":"oldPrice","value":"\n\t\t\t\t\t\n\t\t\t\t\t \n\t\t\t\t"},{"key":"pricePerUnit","value":"(2.18 €/kg)"},{"key":"productDetailsName","value":"NÖM fasten - Joghurtdrink Zwetschke Zimt - 500 G"},{"key":"detailsDescription","value":"500 G"},{"key":"articleNumber","value":"Artikelnummer: 2020002052003"},{"key":"Lagerhinweis:","value":["Gekühlt lagern. Nach dem Öffnen gekühlt lagern und innerhalb von 2-3 Tagen verbrauchen."]},{"key":"Zutaten:","value":["Zutaten: 82% JOGHURT**, 8% Zwetschkenmark, Wasser, Fruktosesirup, Stabilisator: Guarkernmehl, färbendes Karottenkonzentrat, Zimt gemahlen, Süßungsmittel: Sucralose, Acesulfam K; natürliches Aroma. ** aus entrahmter MILCH mit Lactobacillus acidophilus und Bifidobacteriumaus gentechnikfreier Milch laut Definition des Österreichischen Lebensmittelcodex für gentechnikfreie Produktion; Kontrolle durch agroVet GmbH. In Großbuchstaben angegebene Zutaten enthalten allergene Inhaltsstoffe."]},{"key":"Allergene:","value":["Enthält:Milch und daraus gewonnene Erzeugnisse (inkl. Laktose)"]},{"key":"Identitätskennzeichen:","value":["AT 30960 EG"]},{"key":"Verwendungshinweis:","value":["Vor dem Öffnen gut schütteln."]},{"key":"Kontakt:","value":["NÖM AG","Vöslauer Straße 109, 2500 Baden, Österreich","www.noem.at","0800 800 500","www.noemfasten.at"]}],"nutritions":[{"key":"","value":"Unzubereitet"},{"key":" ","value":"100 g"},{"key":"Energie","value":"194 kJ | 46 kcal"},{"key":"Fett","value":"0,1 g"},{"key":"Fett, davon gesättigte Fettsäuren","value":"0,06 g"},{"key":"Kohlenhydrate","value":"7,7 g"},{"key":"Kohlenhydrate, davon Zucker","value":"7,6 g"},{"key":"Ballaststoffe","value":"0,2 g"},{"key":"Eiweiß","value":"3 g"},{"key":"Salz","value":"0,1 g"},{"key":"","value":"Unzubereitet"},{"key":" ","value":"Portion (250 g)"},{"key":"Energie","value":"485 kJ | 115 kcal | 6 %"},{"key":"Fett","value":"0,3 g | 1 %"},{"key":"Fett, davon gesättigte Fettsäuren","value":"0,15 g | 1 %"},{"key":"Kohlenhydrate","value":"19,3 g | 7 %"},{"key":"Kohlenhydrate, davon Zucker","value":"19 g | 21 %"},{"key":"Ballaststoffe","value":"0,5 g"},{"key":"Eiweiß","value":"7,5 g | 15 %"},{"key":"Salz","value":"0,25 g | 4 %"}],"tags":[]},
    {"url":"https://www.interspar.at/shop/lebensmittel/p/213158","data":[{"key":"price","value":"0,55 €"},{"key":"oldPrice","value":"\n\t\t\t\t\t\n\t\t\t\t\t \n\t\t\t\t"},{"key":"pricePerUnit","value":"(3.06 €/kg)"},{"key":"productDetailsName","value":"Schärdinger - Kefir natur - 180 G"},{"key":"detailsDescription","value":"180 G"},{"key":"articleNumber","value":"Artikelnummer: 213158"},{"key":"Lagerhinweis:","value":["Gekühlt bei max. 6°C lagern."]},{"key":"Zutaten:","value":["Zutaten: RAHMKEFIR. In Großbuchstaben angegebene Zutaten enthalten allergene Inhaltsstoffe."]},{"key":"Allergene:","value":["Enthält:Milch und daraus gewonnene Erzeugnisse (inkl. Laktose)"]},{"key":"Identitätskennzeichen:","value":["AT 30751 EG"]},{"key":"Verwendungshinweis:","value":["Vor dem Genuss schütteln."]},{"key":"Kontakt:","value":["Berglandmilch eGen","Schubertstraße 30, 4600 Wels, Österreich"]}],"nutritions":[{"key":"","value":"Unzubereitet"},{"key":" ","value":"100 g"},{"key":"Energie","value":"274 kJ | 66 kcal"},{"key":"Fett","value":"3,6 g"},{"key":"Fett, davon gesättigte Fettsäuren","value":"2,3 g"},{"key":"Kohlenhydrate","value":"3,9 g"},{"key":"Kohlenhydrate, davon Zucker","value":"3,9 g"},{"key":"Eiweiß","value":"4,4 g"},{"key":"Salz","value":"0,12 g"}],"tags":[]},
    {"url":"https://www.interspar.at/shop/lebensmittel/p/2240473","data":[{"key":"price","value":"2,29 €"},{"key":"oldPrice","value":"\n\t\t\t\t\t\n\t\t\t\t\t \n\t\t\t\t"},{"key":"pricePerUnit","value":"(9.16 €/kg)"},{"key":"productDetailsName","value":"Kärntnermilch - Jogurtbutter - 250 G"},{"key":"detailsDescription","value":"250 G"},{"key":"articleNumber","value":"Artikelnummer: 2240473"},{"key":"Lagerhinweis:","value":["Gekühlt lagern. Nach dem Öffnen gekühlt lagern und innerhalb von 3 Tagen verbrauchen"]},{"key":"Zutaten:","value":["Zutaten: TEEBUTTER, 16% NaturJOGURT mit 3,6% Fett. In Großbuchstaben angegebene Zutaten enthalten allergene Inhaltstoffe."]},{"key":"Allergene:","value":["Enthält:Milch und daraus gewonnene Erzeugnisse (inkl. Laktose)"]},{"key":"Zubereitung:","value":["Verzehrfertig"]},{"key":"Ursprungsland/Herkunftsort:","value":["Österreich"]},{"key":"Kontakt:","value":["Kärntnermilch reg. Gen.m.b.H.","Villacher Straße 92, 9800 Spittal/Drau, Österreich"]}],"nutritions":[{"key":"","value":"Unzubereitet"},{"key":" ","value":"100 g"},{"key":"Energie","value":"2557 kJ | 622 kcal"},{"key":"Fett","value":"68 g"},{"key":"Fett, davon gesättigte Fettsäuren","value":"49 g"},{"key":"Kohlenhydrate","value":"1,3 g"},{"key":"Kohlenhydrate, davon Zucker","value":"1,3 g"},{"key":"Eiweiß","value":"1,1 g"},{"key":"Salz","value":"0,03 g"}],"tags":[]},
    {"url":"https://www.interspar.at/shop/lebensmittel/p/3054383","data":[{"key":"price","value":"0,79 €"},{"key":"oldPrice","value":"\n\t\t\t\t\t\n\t\t\t\t\t \n\t\t\t\t"},{"key":"pricePerUnit","value":"(3.95 €/kg)"},{"key":"productDetailsName","value":"Danone Dany+Sahne - Vanille - 200 G"},{"key":"detailsDescription","value":"200 G"},{"key":"articleNumber","value":"Artikelnummer: 3054383"},{"key":"Lagerhinweis:","value":["Kühl bei maximal +8°C lagern."]},{"key":"Zutaten:","value":["Zutaten: MAGERMILCH, MOLKENERZEUGNIS, 17% SCHLAGOBERS, Zucker, modifizierte Maisstärke, Glucosesirup, Geliermittel Carrageen, Speisegelatine, Aroma, Farbstoff: Beta-Carotin, Stickstoff, Speisesalz. In Großbuchstaben angegebene Zutaten enthalten allergene Inhaltsstoffe."]},{"key":"Allergene:","value":["Enthält:Milch und daraus gewonnene Erzeugnisse (inkl. Laktose)"]},{"key":"Identitätskennzeichen:","value":["DE BY-601 EG"]},{"key":"Kontakt:","value":["Danone GmbH","Technologiestraße 10, 1120 Wien, Österreich"]}],"nutritions":[{"key":"","value":"Unzubereitet"},{"key":" ","value":"100 g"},{"key":"Energie","value":"486 kJ | 116 kcal | 6 %"},{"key":"Fett","value":"4,9 g | 7 %"},{"key":"Fett, davon gesättigte Fettsäuren","value":"2,9 g | 15 %"},{"key":"Kohlenhydrate","value":"15,4 g | 6 %"},{"key":"Kohlenhydrate, davon Zucker","value":"13,8 g | 15 %"},{"key":"Eiweiß","value":"2,5 g | 5 %"},{"key":"Salz","value":"0,05 g | 1 %"}],"tags":[]},
    {"url":"https://www.interspar.at/shop/lebensmittel/p/312677","data":[{"key":"price","value":"0,79 €"},{"key":"oldPrice","value":"\n\t\t\t\t\t\n\t\t\t\t\t \n\t\t\t\t"},{"key":"pricePerUnit","value":"(3.95 €/kg)"},{"key":"productDetailsName","value":"Danone Dany+Sahne - Vanille light - 200 G"},{"key":"detailsDescription","value":"200 G"},{"key":"articleNumber","value":"Artikelnummer: 312677"},{"key":"Lagerhinweis:","value":["Kühl bei maximal +8°C lagern."]},{"key":"Zutaten:","value":["Zutaten: MAGERMILCH, MOLKENERZEUGNIS, 9% SCHLAGOBERS, modifizierte Stärke, Fructose, Geliermittel: Carrageen, Speisegelatine, NATRIUMCASEINAT, Aroma, Farbstoff: Beta-Carotin, Süßungsmittel: Acesulfam K und Sucralose, Stickstoff, Speisesalz. In Großbuchstaben angegebene Zutaten enthalten allergene Inhaltsstoffe."]},{"key":"Allergene:","value":["Enthält:Milch und daraus gewonnene Erzeugnisse (inkl. Laktose)"]},{"key":"","value":["Light, Zusatzstoffe reduziert"]},{"key":"Identitätskennzeichen:","value":["DE BY-601 EG"]},{"key":"Kontakt:","value":["Danone GmbH","Technologiestraße 10, 1120 Wien, Österreich"]}],"nutritions":[{"key":"","value":"Unzubereitet"},{"key":" ","value":"100 g"},{"key":"Energie","value":"275 kJ | 65 kcal | 3 %"},{"key":"Fett","value":"2,8 g | 4 %"},{"key":"Fett, davon gesättigte Fettsäuren","value":"1,7 g | 9 %"},{"key":"Kohlenhydrate","value":"7,8 g | 3 %"},{"key":"Kohlenhydrate, davon Zucker","value":"5,3 g | 6 %"},{"key":"Eiweiß","value":"2,3 g | 5 %"},{"key":"Salz","value":"0,05 g | 1 %"}],"tags":[]},
    {"url":"https://www.interspar.at/shop/lebensmittel/p/312769","data":[{"key":"price","value":"0,79 €"},{"key":"oldPrice","value":"\n\t\t\t\t\t\n\t\t\t\t\t \n\t\t\t\t"},{"key":"pricePerUnit","value":"(3.95 €/kg)"},{"key":"productDetailsName","value":"Danone Dany+Sahne - Schoko light - 200 G"},{"key":"detailsDescription","value":"200 G"},{"key":"articleNumber","value":"Artikelnummer: 312769"},{"key":"Lagerhinweis:","value":["Kühl bei maximal +8°C lagern."]},{"key":"Zutaten:","value":["Zutaten: MAGERMILCH, MOLKENERZEUGNIS, 9% SCHLAGOBERS, modifizierte Maisstärke, Fructose, 1 % Kakao, Geliermittel Carrageen, Speisegelatine, NATRIUMCASEINAT, Süßungsmittel Acesulfam K und Sucralose, Stickstoff, Speisesalz. In Großbuchstaben angegebene Zutaten enthalten allergene Inhaltsstoffe."]},{"key":"Allergene:","value":["Enthält:Milch und daraus gewonnene Erzeugnisse (inkl. Laktose)"]},{"key":"","value":["Light, Zusatzstoffe reduziert"]},{"key":"Identitätskennzeichen:","value":["DE BY-601 EG"]},{"key":"Kontakt:","value":["Danone GmbH","Technologiestraße 10, 1120 Wien, Österreich"]}],"nutritions":[{"key":"","value":"Unzubereitet"},{"key":" ","value":"100 g"},{"key":"Energie","value":"290 kJ | 68 kcal | 3 %"},{"key":"Fett","value":"3 g | 4 %"},{"key":"Fett, davon gesättigte Fettsäuren","value":"1,8 g | 9 %"},{"key":"Kohlenhydrate","value":"7,9 g | 3 %"},{"key":"Kohlenhydrate, davon Zucker","value":"5,3 g | 6 %"},{"key":"Eiweiß","value":"2,5 g | 5 %"},{"key":"Salz","value":"0,05 g | 1 %"}],"tags":[]},
    {"url":"https://www.interspar.at/shop/lebensmittel/p/3401927","data":[{"key":"price","value":"0,79 €"},{"key":"oldPrice","value":"\n\t\t\t\t\t\n\t\t\t\t\t \n\t\t\t\t"},{"key":"pricePerUnit","value":"(3.95 €/kg)"},{"key":"productDetailsName","value":"Danone Dany+Sahne - Schoko - 200 G"},{"key":"detailsDescription","value":"200 G"},{"key":"articleNumber","value":"Artikelnummer: 3401927"},{"key":"Lagerhinweis:","value":["Kühl bei maximal +8°C lagern."]},{"key":"Zutaten:","value":["Zutaten: MAGERMILCH, MOLKENERZEUGNIS, 11% SCHLAGOBERS, Zucker, modifizierte Maisstärke, 1 % Kakao, Glucosesirup, Geliermittel Carrageen, Speisegelatine, Stickstoff, Speisesalz. In Großbuchstaben angegebene Zutaten enthalten allergene Inhaltsstoffe."]},{"key":"Allergene:","value":["Enthält:Milch und daraus gewonnene Erzeugnisse (inkl. Laktose)"]},{"key":"Identitätskennzeichen:","value":["DE BY-601 EG"]},{"key":"Kontakt:","value":["Danone GmbH","Technologiestraße 10, 1120 Wien, Österreich"]}],"nutritions":[{"key":"","value":"Unzubereitet"},{"key":" ","value":"100 g"},{"key":"Energie","value":"449 kJ | 107 kcal | 5 %"},{"key":"Fett","value":"3,5 g | 5 %"},{"key":"Fett, davon gesättigte Fettsäuren","value":"2,1 g | 11 %"},{"key":"Kohlenhydrate","value":"16,4 g | 6 %"},{"key":"Kohlenhydrate, davon Zucker","value":"14,5 g | 16 %"},{"key":"Eiweiß","value":"2,5 g | 5 %"},{"key":"Salz","value":"0,05 g | 1 %"}],"tags":[]},
    {"url":"https://www.interspar.at/shop/lebensmittel/p/4693437","data":[{"key":"price","value":"0,95 €"},{"key":"oldPrice","value":"\n\t\t\t\t\t\n\t\t\t\t\t \n\t\t\t\t"},{"key":"pricePerUnit","value":"(1.90 €/kg)"},{"key":"productDetailsName","value":"SalzburgMilch - Trinkjogurt Heidelbeer-Vanille - 500 G"},{"key":"detailsDescription","value":"500 G"},{"key":"articleNumber","value":"Artikelnummer: 4693437"},{"key":"Lagerhinweis:","value":["Nach dem Öffnen gekühlt lagern und innerhalb von 2 Tagen verbrauchen."]},{"key":"Zutaten:","value":["Zutaten: JOGURT, Zucker, 4,5 % Heidelbeerpüree, Glucose-Fructose-Sirup, modifizierte Stärke, Aroma, Verdickungsmittel: Pektin, Vanilleschotenextrakt, färbendes Rote Betesaftkonzentrat. In Großbuchstaben angegebene Zutaten enthalten allergene Inhaltsstoffe."]},{"key":"Allergene:","value":["Enthält:Milch und daraus gewonnene Erzeugnisse (inkl. Laktose)"]},{"key":"Verbrauchen nach dem Öffnen:","value":["2 Tage"]},{"key":"Verwendungshinweis:","value":["Vor Gebrauch schütteln."]},{"key":"Kontakt:","value":["SalzburgMilch GmbH","Milchstraße 1, 5020 Salzburg, Österreich","0662/2455","0662/2455-105"]}],"nutritions":[{"key":"","value":"Unzubereitet"},{"key":" ","value":"100 g"},{"key":"Energie","value":"303 kJ | 71 kcal"},{"key":"Fett","value":"0,9 g"},{"key":"Fett, davon gesättigte Fettsäuren","value":"0,5 g"},{"key":"Kohlenhydrate","value":"12 g"},{"key":"Kohlenhydrate, davon Zucker","value":"12 g"},{"key":"Eiweiß","value":"2,9 g"},{"key":"Salz","value":"0,11 g"}],"tags":[]},
    {"url":"https://www.interspar.at/shop/lebensmittel/p/5244423","data":[{"key":"price","value":"0,99 €"},{"key":"oldPrice","value":"\n\t\t\t\t\t\n\t\t\t\t\t \n\t\t\t\t"},{"key":"pricePerUnit","value":"(3.96 €/kg)"},{"key":"productDetailsName","value":"Giacomo - Joghurt Drink Mango - 250 G"},{"key":"detailsDescription","value":"250 G"},{"key":"articleNumber","value":"Artikelnummer: 5244423"},{"key":"Lagerhinweis:","value":["Bei + 3 - 6°C lagern. Vor dem Öffnen gut schütteln, danach schnellstmöglich verbrauchen."]},{"key":"Zutaten:","value":["Zutaten: JOGHURT mild 3,5% Fett, Mangopüree (13,6 %), Zucker, modifizierte Stärke, Verdickungsmittel: Pektin, Säuerungsmittel: Citronensäure. In Großbuchstaben angegebene Zutaten enthalten allergene Inhaltsstoffe."]},{"key":"Allergene:","value":["Enthält:Milch und daraus gewonnene Erzeugnisse (inkl. Laktose)"]},{"key":"","value":["Ohne Aromazusätze"]},{"key":"Identitätskennzeichen:","value":["AT 30751 EG"]},{"key":"Kontakt:","value":["Giacomo International Food GmbH","Kurfürstendamm 51, 10707 Berlin, Deutschland"]}],"nutritions":[{"key":"","value":"Unzubereitet"},{"key":" ","value":"100 g"},{"key":"Energie","value":"367 kJ | 87 kcal"},{"key":"Fett","value":"2,7 g"},{"key":"Fett, davon gesättigte Fettsäuren","value":"1,8 g"},{"key":"Kohlenhydrate","value":"13 g"},{"key":"Kohlenhydrate, davon Zucker","value":"13 g"},{"key":"Eiweiß","value":"2,5 g"},{"key":"Salz","value":"0,1 g"}],"tags":[]},
    {"url":"https://www.interspar.at/shop/lebensmittel/p/5659777","data":[{"key":"price","value":"0,95 €"},{"key":"oldPrice","value":"\n\t\t\t\t\t\n\t\t\t\t\t \n\t\t\t\t"},{"key":"pricePerUnit","value":"(1.90 €/kg)"},{"key":"productDetailsName","value":"SalzburgMilch - Trinkjoghurt Caffè Latte - 500 G"},{"key":"detailsDescription","value":"500 G"},{"key":"articleNumber","value":"Artikelnummer: 5659777"},{"key":"Lagerhinweis:","value":["Nach dem Öffnen gekühlt lagern und innerhalb von 2 Tagen verbrauchen."]},{"key":"Zutaten:","value":["Zutaten: JOGURT, Zucker, 0,2% Kaffeepulver (sprühgetrocknet), färbender Karamellzuckersirup, Aroma, Verdickungsmittel: Pektin, Speisesalz. In Großbuchstaben angegebene Zutaten enthalten allergene Inhaltsstoffe."]},{"key":"Allergene:","value":["Enthält:Milch und daraus gewonnene Erzeugnisse (inkl. Laktose)"]},{"key":"Verbrauchen nach dem Öffnen:","value":["2 Tage"]},{"key":"Verwendungshinweis:","value":["Vor Gebrauch schütteln."]},{"key":"Kontakt:","value":["SalzburgMilch GmbH","Milchstraße 1, 5020 Salzburg, Österreich","0662/2455","0662/2455-105"]}],"nutritions":[{"key":"","value":"Unzubereitet"},{"key":" ","value":"100 g"},{"key":"Energie","value":"310 kJ | 73 kcal"},{"key":"Fett","value":"0,9 g"},{"key":"Fett, davon gesättigte Fettsäuren","value":"0,5 g"},{"key":"Kohlenhydrate","value":"13 g"},{"key":"Kohlenhydrate, davon Zucker","value":"13 g"},{"key":"Eiweiß","value":"3 g"},{"key":"Salz","value":"0,12 g"}],"tags":[]},
    {"url":"https://www.interspar.at/shop/lebensmittel/p/5668090","data":[{"key":"price","value":"1,09 €"},{"key":"oldPrice","value":"\n\t\t\t\t\t\n\t\t\t\t\t \n\t\t\t\t"},{"key":"pricePerUnit","value":"(2.18 €/kg)"},{"key":"productDetailsName","value":"NÖM fasten - Joghurtdrink Erdbeer - 500 G"},{"key":"detailsDescription","value":"500 G"},{"key":"articleNumber","value":"Artikelnummer: 5668090"},{"key":"Lagerhinweis:","value":["Gekühlt (+ 3-9 °C) lagern und nach dem Öffnen innerhalb von 2-3 Tagen verbrauchen."]},{"key":"Zutaten:","value":["Zutaten: 84% JOGHURT mild aus entrahmter gentechnikfreier Milch* mit Lactobacillus acidophilus und Bifidobacterium, Wasser, 5% Erdbeersaft aus Konzentrat, Fruktosesirup, Stabilisator: Guarkernmehl, färbendes Frucht- und Pflanzenkonzentrat (Karotte), Säuerungsmittel: Citronensäure, Säureregulator: Natriumcitrate, Süßungsmittel: Aspartam, Acesulfam K; Farbstoff: Carotin, Aroma. *laut Definition des Österreichischen Lebensmittelcodex für gentechnikfreie Produktion; Kontrolle durch agroVet GmbH. In Großbuchstaben angegebene Zutaten enthalten allergene Inhaltsstoffe."]},{"key":"Allergene:","value":["Enthält:Milch und daraus gewonnene Erzeugnisse (inkl. Laktose)"]},{"key":"","value":["Referenzmenge für einen durchschnittlichen Erwachsenen (8400 kJ / 2000 kcal)."]},{"key":"Identitätskennzeichen:","value":["AT 30960 EG"]},{"key":"Verbrauchen nach dem Öffnen:","value":["2 Tage"]},{"key":"Verwendungshinweis:","value":["Vor dem Öffnen gut schütteln."]},{"key":"Kontakt:","value":["NÖM AG","Vöslauer Straße 109, 2500 Baden, Österreich","0800 800 500"]}],"nutritions":[{"key":"","value":"Unzubereitet"},{"key":" ","value":"100 g"},{"key":"Energie","value":"161 kJ | 38 kcal"},{"key":"Fett","value":"0,1 g"},{"key":"Fett, davon gesättigte Fettsäuren","value":"0,06 g"},{"key":"Kohlenhydrate","value":"5,8 g"},{"key":"Kohlenhydrate, davon Zucker","value":"5,7 g"},{"key":"Ballaststoffe","value":"0,1 g"},{"key":"Eiweiß","value":"3,1 g"},{"key":"Salz","value":"0,1 g"},{"key":"","value":"Unzubereitet"},{"key":" ","value":"Portion (250 g)"},{"key":"Energie","value":"403 kJ | 95 kcal | 5 %"},{"key":"Fett","value":"0,3 g | 1 %"},{"key":"Fett, davon gesättigte Fettsäuren","value":"0,15 g | 1 %"},{"key":"Kohlenhydrate","value":"14,5 g | 6 %"},{"key":"Kohlenhydrate, davon Zucker","value":"14,3 g | 16 %"},{"key":"Ballaststoffe","value":"0,3 g"},{"key":"Eiweiß","value":"7,8 g | 16 %"},{"key":"Salz","value":"0,25 g | 4 %"}],"tags":[]},
    {"url":"https://www.interspar.at/shop/lebensmittel/p/5668120","data":[{"key":"price","value":"1,09 €"},{"key":"oldPrice","value":"\n\t\t\t\t\t\n\t\t\t\t\t \n\t\t\t\t"},{"key":"pricePerUnit","value":"(2.18 €/kg)"},{"key":"productDetailsName","value":"NÖM fasten - Joghurtdrink Pfirsich Mango - 500 G"},{"key":"detailsDescription","value":"500 G"},{"key":"articleNumber","value":"Artikelnummer: 5668120"},{"key":"Lagerhinweis:","value":["Gekühlt (+ 3-9 °C) lagern und nach dem Öffnen innerhalb von 2-3 Tagen verbrauchen."]},{"key":"Zutaten:","value":["Zutaten: 84% JOGHURT mild aus entrahmter gentechnikfreier Milch* mit Lactobacillus acidophilus und Bifidobacterium, Wasser, Fruktosesirup, 2,8% Pfirsichsaft aus Konzentrat, 2,2% Mangomark, Stabilisator: Guarkernmehl; färbende Frucht- und Pflanzenkonzentrate (Zitrone, Saflor), Säuerungsmittel: Citronensäure; Säureregulator: Natriumcitrate; Süßungsmittel: Aspartam, Acesulfam K; Farbstoff: Beta-Carotin, Aroma. *laut Definition des Österreichischen Lebensmittelcodex für gentechnikfreie Produktion; Kontrolle durch agroVet GmbH. In Großbuchstaben angegebene Zutaten enthalten allergene Inhaltsstoffe."]},{"key":"Allergene:","value":["Enthält:Milch und daraus gewonnene Erzeugnisse (inkl. Laktose)"]},{"key":"Identitätskennzeichen:","value":["AT 30960 EG"]},{"key":"Verbrauchen nach dem Öffnen:","value":["2 Tage"]},{"key":"Verwendungshinweis:","value":["Vor dem Öffnen gut schütteln."]},{"key":"Kontakt:","value":["NÖM AG","Vöslauer Straße 109, 2500 Baden, Österreich","0800 800 500"]}],"nutritions":[{"key":"","value":"Unzubereitet"},{"key":" ","value":"100 g"},{"key":"Energie","value":"187 kJ | 44 kcal"},{"key":"Fett","value":"0,1 g"},{"key":"Fett, davon gesättigte Fettsäuren","value":"0,06 g"},{"key":"Kohlenhydrate","value":"7,2 g"},{"key":"Kohlenhydrate, davon Zucker","value":"7,2 g"},{"key":"Ballaststoffe","value":"0,1 g"},{"key":"Eiweiß","value":"3,1 g"},{"key":"Salz","value":"0,1 g"},{"key":"","value":"Unzubereitet"},{"key":" ","value":"Portion (250 g)"},{"key":"Energie","value":"468 kJ | 110 kcal | 6 %"},{"key":"Fett","value":"0,3 g | 1 %"},{"key":"Fett, davon gesättigte Fettsäuren","value":"0,15 g | 1 %"},{"key":"Kohlenhydrate","value":"18 g | 7 %"},{"key":"Kohlenhydrate, davon Zucker","value":"18 g | 20 %"},{"key":"Ballaststoffe","value":"0,3 g"},{"key":"Eiweiß","value":"7,8 g | 16 %"},{"key":"Salz","value":"0,25 g | 4 %"}],"tags":[]},
    {"url":"https://www.interspar.at/shop/lebensmittel/p/6041007","data":[{"key":"price","value":"1,09 €"},{"key":"oldPrice","value":"\n\t\t\t\t\t\n\t\t\t\t\t \n\t\t\t\t"},{"key":"pricePerUnit","value":"(2.18 €/kg)"},{"key":"productDetailsName","value":"NÖM fasten - Joghurtdrink Waldbeer - 500 G"},{"key":"detailsDescription","value":"500 G"},{"key":"articleNumber","value":"Artikelnummer: 6041007"},{"key":"Lagerhinweis:","value":["Gekühlt (+ 3-9 °C) lagern und nach dem Öffnen innerhalb von 2-3 Tagen verbrauchen."]},{"key":"Zutaten:","value":["Zutaten: 84% JOGHURT mild aus entrahmter gentechnikfreier Milch* mit Lactobacillus acidophilus und Bifidobacterium, Wasser, 5% Fruchtsaft aus Konzentrat (Erdbeere, Schwarze Johannisbeere, Heidelbeere, Brombeere), Fruktosesirup, Stabilisator: Guarkernmehl; Säuerungsmittel: Citronensäure; Säureregulator: Natriumcitrate; Süßungsmittel: Aspartam, Acesulfam K; Aroma. *laut Definition des Österreichischen Lebensmittelcodex für gentechnikfreie Produktion; Kontrolle durch agroVet GmbH. In Großbuchstaben angegebene Zutaten enthalten allergene Inhaltsstoffe."]},{"key":"Allergene:","value":["Enthält:Milch und daraus gewonnene Erzeugnisse (inkl. Laktose)"]},{"key":"Identitätskennzeichen:","value":["AT 30960 EG"]},{"key":"Verbrauchen nach dem Öffnen:","value":["2 Tage"]},{"key":"Verwendungshinweis:","value":["Vor dem Öffnen gut schütteln."]},{"key":"Kontakt:","value":["NÖM AG","Vöslauer Straße 109, 2500 Baden, Österreich","0800 800 500"]}],"nutritions":[{"key":"","value":"Unzubereitet"},{"key":" ","value":"100 g"},{"key":"Energie","value":"185 kJ | 43 kcal"},{"key":"Fett","value":"0,1 g"},{"key":"Fett, davon gesättigte Fettsäuren","value":"0,06 g"},{"key":"Kohlenhydrate","value":"7,1 g"},{"key":"Kohlenhydrate, davon Zucker","value":"7 g"},{"key":"Ballaststoffe","value":"0,1 g"},{"key":"Eiweiß","value":"3,1 g"},{"key":"Salz","value":"0,1 g"},{"key":"","value":"Unzubereitet"},{"key":" ","value":"Portion (250 g)"},{"key":"Energie","value":"463 kJ | 108 kcal | 5 %"},{"key":"Fett","value":"0,3 g | 1 %"},{"key":"Fett, davon gesättigte Fettsäuren","value":"0,15 g | 1 %"},{"key":"Kohlenhydrate","value":"17,8 g | 7 %"},{"key":"Kohlenhydrate, davon Zucker","value":"17,5 g | 19 %"},{"key":"Ballaststoffe","value":"0,3 g"},{"key":"Eiweiß","value":"7,8 g | 16 %"},{"key":"Salz","value":"0,25 g | 4 %"}],"tags":[]},
    {"url":"https://www.interspar.at/shop/lebensmittel/p/6644253","data":[{"key":"price","value":"1,69 €"},{"key":"oldPrice","value":"\n\t\t\t\t\t\n\t\t\t\t\t \n\t\t\t\t"},{"key":"pricePerUnit","value":"(2.82 €/kg)"},{"key":"productDetailsName","value":"SPAR Vital - Actiplus Drink Mango 6 x 100g - 600 G"},{"key":"detailsDescription","value":"600 G"},{"key":"articleNumber","value":"Artikelnummer: 6644253"},{"key":"Lagerhinweis:","value":["Gekühlt lagern."]},{"key":"Zutaten:","value":["Zutaten: 79% JOGURT mild 1% Fett, Wasser, 5% Mangopüree aus Mangopüreekonzentrat, Traubenzucker, Zucker, 1% Inulin, Stabilisatoren: Pektin, Guakernmehl; Süßungsmittel: Aspartam, Acesulfam K; Vitamin D, Vitamin E, Vitamin C, Vitamin B6, Säuerungsmittel: Citronensäure, Säureregulator: Natriumcitrat, Farbstoff: Beta Carotin, Aroma. Kulturen: (LA-5(R)) Lactobacillus acidophilus, (BB-12(R)) Bifidobacterium, L. casei. In Großbuchstaben angegebene Zutaten enthalten allergene Inhaltsstoffe."]},{"key":"Allergene:","value":["Enthält:Milch und daraus gewonnene Erzeugnisse (inkl. Laktose)"]},{"key":"","value":["Niedriger Gehalt an Fett","Hoher Gehalt an Vitamin D"]},{"key":"Identitätskennzeichen:","value":["AT 30960 EG"]},{"key":"Zusatztext:","value":["Trinken Sie täglich 1 Fläschchen (100g).Enthält mindestens 300 Millionen Kulturen pro Flasche. Eine abwechlungsreiche, ausgewogene Ernährung, Bewegung und ein gesunder Lebensstil sind wichtig für die Gesundheit."]},{"key":"Ursprungsland/Herkunftsort:","value":["hergestellt in Österreich"]},{"key":"Zusatzinformation:","value":["Vitamin D trägt zur Erhaltung normaler Knochen, Muskelfunktionen und Zähne bei und spielt eine Rolle bei der normalen Aufnahme/Vewertung von Calcium und Phosphor. Es hat eine Funktion bei der Zellteilung und trägt zu einer normalen Funktion des Immunsystems bei."]},{"key":"Kontakt:","value":["SPAR Österr. Warenhandels-AG","Europastraße 3, 5015 Salzburg, Österreich"]}],"nutritions":[{"key":"","value":"Unzubereitet"},{"key":" ","value":"100 g"},{"key":"Energie","value":"227 kJ | 54 kcal"},{"key":"Fett","value":"0,9 g"},{"key":"Fett, davon gesättigte Fettsäuren","value":"0,5 g"},{"key":"Kohlenhydrate","value":"7,6 g"},{"key":"Kohlenhydrate, davon Zucker","value":"7,4 g"},{"key":"Ballaststoffe","value":"1 g"},{"key":"Eiweiß","value":"2,8 g"},{"key":"Salz","value":"0,1 g"},{"key":"Vitamin D","value":"1,5 µg | 30 %"},{"key":"Vitamin E","value":"4,8 mg | 40 %"},{"key":"Vitamin C","value":"32 mg | 40 %"},{"key":"Vitamin B 6, Pyridoxin","value":"0,7 mg | 50 %"},{"key":"Broteinheiten","value":"0,6 BE"}],"tags":[]},
    {"url":"https://www.interspar.at/shop/lebensmittel/p/6644307","data":[{"key":"price","value":"1,69 €"},{"key":"oldPrice","value":"\n\t\t\t\t\t\n\t\t\t\t\t \n\t\t\t\t"},{"key":"pricePerUnit","value":"(2.82 €/kg)"},{"key":"productDetailsName","value":"SPAR Vital - Actiplus Drink Erdbeere 6 x 100g - 600 G"},{"key":"detailsDescription","value":"600 G"},{"key":"articleNumber","value":"Artikelnummer: 6644307"},{"key":"Lagerhinweis:","value":["Gekühlt lagern."]},{"key":"Zutaten:","value":["Zutaten: 79% JOGURT mild 1% Fett, Wasser, 5% Erdbeerpüree aus Erdbeerpüreekonzentrat, Zucker, Traubenzucker, 1% Inulin, Stabilisatoren: Pektine, Guarkernmehl; Süßungsmittel: Aspartam, Acesulfam K; Vitamin D, Vitamin E, Vitamin C, Vitamin B6, Karottensaftkonzentrat, Säuerungsmittel: Citronensäure, Säureregulator: Natriumcitrate, Aroma. Kulturen: (LA-5®) Lactobacillus acidophilus, (BB-12®) Bifidobacterium, L.casei. In Großbuchstaben angegebene Zutaten enthalten allergene Inhaltsstoffe."]},{"key":"Allergene:","value":["Enthält:Milch und daraus gewonnene Erzeugnisse (inkl. Laktose)"]},{"key":"","value":["fettarm"]},{"key":"","value":["Hoher Gehalt an Vitamin D"]},{"key":"Identitätskennzeichen:","value":["AT 30960 EG"]},{"key":"Zusatztext:","value":["Trinken Sie täglich 1 Fläschchen (100g).Enthält mindestens 300 Millionen Kulturen pro Flasche.Eine abwechslungsreiche, ausgewogene Ernährung, Bewegung und ein gesunder Lebensstil sind wichtig für die Gesundheit."]},{"key":"Ursprungsland/Herkunftsort:","value":["hergestellt in Österreich"]},{"key":"Zusatzinformation:","value":["Vitamin D trägt zur Erhaltung der Knochen, Muskelfunktionen und Zähne bei und spielt eine Rolle bei der Aufnahme/Vewertung von Calcium und Phosphor. Es hat eine wichtige Funktion bei der Zellteilung und unterstützt das Immunsystem."]},{"key":"Kontakt:","value":["SPAR Österr. Warenhandels-AG","Europastraße 3, 5015 Salzburg, Österreich"]}],"nutritions":[{"key":"","value":"Unzubereitet"},{"key":" ","value":"100 g"},{"key":"Energie","value":"259 kJ | 61 kcal"},{"key":"Fett","value":"0,9 g"},{"key":"Fett, davon gesättigte Fettsäuren","value":"0,5 g"},{"key":"Kohlenhydrate","value":"10 g"},{"key":"Kohlenhydrate, davon Zucker","value":"9,7 g"},{"key":"Ballaststoffe","value":"1 g"},{"key":"Eiweiß","value":"2,8 g"},{"key":"Salz","value":"0,1 g"},{"key":"Vitamin D","value":"1,5 µg | 30 %"},{"key":"Vitamin E","value":"4,8 mg | 40 %"},{"key":"Vitamin C","value":"32 mg | 40 %"},{"key":"Vitamin B 6, Pyridoxin","value":"0,7 mg | 50 %"},{"key":"Broteinheiten","value":"0,8 BE"}],"tags":[]},
    {"url":"https://www.interspar.at/shop/lebensmittel/p/6795191","data":[{"key":"price","value":"1,69 €"},{"key":"oldPrice","value":"\n\t\t\t\t\t\n\t\t\t\t\t \n\t\t\t\t"},{"key":"pricePerUnit","value":"(2.82 €/kg)"},{"key":"productDetailsName","value":"SPAR Vital - Actiplus Drink Multifrucht 6 x 100g - 600 G"},{"key":"detailsDescription","value":"600 G"},{"key":"articleNumber","value":"Artikelnummer: 6795191"},{"key":"Lagerhinweis:","value":["Gekühlt lagern."]},{"key":"Zutaten:","value":["Zutaten: 79% JOGHURT mild 1% Fett, Wasser, 5% Mehrfruchtsaft aus Mehrfruchtsaftkonzentrat (Ananas, Pfirsich, Orange, Erdbeer), Traubenzucker, Zucker, 1% Inulin, Stabilisatoren: Pektin, Guarkernmehl; Süßungsmittel: Aspartam, Acesulfam K; Vitamin D, Vitamin E, Vitamin C, Vitamin B6, Säurerregulator: Natriumcitrat, Farbstoff: Beta-Carotin, Aroma. Kulturen: (LA-5®) Lactobacillus acidophilus, (BB-12®) Bifidobacterium, L.casei. In Großbuchstaben angegebene Zutaten enthalten allergene Inhaltsstoffe."]},{"key":"Allergene:","value":["Enthält:Milch und daraus gewonnene Erzeugnisse (inkl. Laktose)"]},{"key":"","value":["hoher Vitamin D-Gehaltfettarm"]},{"key":"Identitätskennzeichen:","value":["AT 30960 EG"]},{"key":"Zusatztext:","value":["Trinken Sie täglich 1 Fläschchen (100g).Enthält mindestens 300 Millionen Kulturen pro Flasche.Eine abwechslungsreiche, ausgewogene Ernährung, Bewegung und ein gesunder Lebensstil sind wichtig für die Gesundheit."]},{"key":"Ursprungsland/Herkunftsort:","value":["hergestellt in Österreich"]},{"key":"Zusatzinformation:","value":["Vitamin D trägt zur Erhaltung der Knochen, Muskelfunktionen und Zähne bei und spielt eine Rolle bei der Aufnahme/Verwertung von Calcium und Phosphor. Es hat eine wichtige Funktion bei der Zellteilung und unterstützt das Immunsystem."]},{"key":"Kontakt:","value":["SPAR Österr. Warenhandels-AG","Europastraße 3, 5015 Salzburg, Österreich"]}],"nutritions":[{"key":"","value":"Unzubereitet"},{"key":" ","value":"100 g"},{"key":"Energie","value":"217 kJ | 52 kcal"},{"key":"Fett","value":"0,9 g"},{"key":"Fett, davon gesättigte Fettsäuren","value":"0,5 g"},{"key":"Kohlenhydrate","value":"7,6 g"},{"key":"Kohlenhydrate, davon Zucker","value":"7,4 g"},{"key":"Ballaststoffe","value":"0,9 g"},{"key":"Eiweiß","value":"2,8 g"},{"key":"Salz","value":"0,1 g"},{"key":"Vitamin D","value":"1,5 µg | 30 %"},{"key":"Vitamin E","value":"4,8 mg | 40 %"},{"key":"Vitamin C","value":"32 mg | 40 %"},{"key":"Vitamin B 6, Pyridoxin","value":"0,7 mg | 50 %"},{"key":"Broteinheiten","value":"0,6 BE"}],"tags":[]},
    {"url":"https://www.interspar.at/shop/lebensmittel/p/955331","data":[{"key":"price","value":"0,95 €"},{"key":"oldPrice","value":"\n\t\t\t\t\t\n\t\t\t\t\t \n\t\t\t\t"},{"key":"pricePerUnit","value":"(1.90 €/kg)"},{"key":"productDetailsName","value":"SalzburgMilch - Trinkjogurt Erdbeer - 500 G"},{"key":"detailsDescription","value":"500 G"},{"key":"articleNumber","value":"Artikelnummer: 955331"},{"key":"Lagerhinweis:","value":["Nach dem Öffnen gekühlt lagern und innerhalb von 2 Tagen verbrauchen."]},{"key":"Zutaten:","value":["Zutaten: JOGURT, Zucker, 7 % Erdbeerpüree, färbendes Karotten- und Holundersaftkonzentrat, Aroma, Verdickungsmittel: Pektin. In Großbuchstaben angegebene Zutaten enthalten allergene Inhaltsstoffe."]},{"key":"Allergene:","value":["Enthält:Milch und daraus gewonnene Erzeugnisse (inkl. Laktose)"]},{"key":"Verbrauchen nach dem Öffnen:","value":["2 Tage"]},{"key":"Verwendungshinweis:","value":["Vor Gebrauch schütteln."]},{"key":"Kontakt:","value":["SalzburgMilch GmbH","Milchstraße 1, 5020 Salzburg, Österreich","0662/2455","0662/2455-105"]}],"nutritions":[{"key":"","value":"Unzubereitet"},{"key":" ","value":"100 g"},{"key":"Energie","value":"299 kJ | 71 kcal"},{"key":"Fett","value":"0,9 g"},{"key":"Fett, davon gesättigte Fettsäuren","value":"0,5 g"},{"key":"Kohlenhydrate","value":"12 g"},{"key":"Kohlenhydrate, davon Zucker","value":"12 g"},{"key":"Eiweiß","value":"3 g"},{"key":"Salz","value":"0,12 g"}],"tags":[]},
    {"url":"https://www.interspar.at/shop/lebensmittel/p/2020001786749","data":[{"key":"price","value":"1,09 €"},{"key":"oldPrice","value":"\n\t\t\t\t\t\n\t\t\t\t\t \n\t\t\t\t"},{"key":"pricePerUnit","value":"(2.18 €/kg)"},{"key":"productDetailsName","value":"NÖM - Joghurtdrink Erdbeere - 500 G"},{"key":"detailsDescription","value":"500 G"},{"key":"articleNumber","value":"Artikelnummer: 2020001786749"},{"key":"Lagerhinweis:","value":["Vor und nach dem Öffnen gekühlt lagern. Innerhalb von 2-3 Tagen verbrauchen."]},{"key":"Zutaten:","value":["Zutaten: 75% JOGHURT** 3,2% Fett, 11,8% Erdbeeren, Zucker, Wasser, Stabilisator: Pektine, färbendes Karottenkonzentrat, Zitronensaftkonzentrat. **aus gentechnikfreier Milch laut Definition des Österreichischen Lebensmittelcodex für gentechnikfreie Produktion; Kontrolle durch agroVet GmbH. In Großbuchstaben angegebene Zutaten enthalten allergene Inhaltsstoffe."]},{"key":"Allergene:","value":["Enthält:Milch und daraus gewonnene Erzeugnisse (inkl. Laktose)"]},{"key":"Identitätskennzeichen:","value":["AT 30960 EG"]},{"key":"Verwendungshinweis:","value":["Vor dem Öffnen gut schütteln."]},{"key":"Kontakt:","value":["NÖM AG","Vöslauer Straße 109, 2500 Baden, Austria","0800 800 500","www.noem.at"]}],"nutritions":[{"key":"","value":"Unzubereitet"},{"key":" ","value":"100 g"},{"key":"Energie","value":"327 kJ | 78 kcal"},{"key":"Fett","value":"2,6 g"},{"key":"Fett, davon gesättigte Fettsäuren","value":"1,6 g"},{"key":"Kohlenhydrate","value":"10,3 g"},{"key":"Kohlenhydrate, davon Zucker","value":"10,3 g"},{"key":"Eiweiß","value":"2,7 g"},{"key":"Salz","value":"0,1 g"}],"tags":[]},
    {"url":"https://www.interspar.at/shop/lebensmittel/p/2020001786879","data":[{"key":"price","value":"1,09 €"},{"key":"oldPrice","value":"\n\t\t\t\t\t\n\t\t\t\t\t \n\t\t\t\t"},{"key":"pricePerUnit","value":"(2.18 €/kg)"},{"key":"productDetailsName","value":"NÖM - Joghurtdrink Vanille - 500 G"},{"key":"detailsDescription","value":"500 G"},{"key":"articleNumber","value":"Artikelnummer: 2020001786879"},{"key":"Lagerhinweis:","value":["Vor und nach dem Öffnen gekühlt lagern. Innerhalb von 2-3 Tagen verbrauchen."]},{"key":"Zutaten:","value":["Zutaten: 82% JOGHURT** 3,2% Fett, Wasser, Zucker, Vanilleschotenextrakt, Stabilisator: Pektine, Zitronensaftkonzentrat. **aus gentechnikfreier Milch laut Definition des Österreichischen Lebensmittelcodex für gentechnikfreie Produktion; Kontrolle durch agroVet GmbH. In Großbuchstaben angegebene Zutaten enthalten allergene Inhaltsstoffe."]},{"key":"Allergene:","value":["Enthält:Milch und daraus gewonnene Erzeugnisse (inkl. Laktose)"]},{"key":"Identitätskennzeichen:","value":["AT 30960 EG"]},{"key":"Verwendungshinweis:","value":["Vor dem Öffnen gut schütteln."]},{"key":"Kontakt:","value":["NÖM AG","Vöslauer Straße 109, 2500 Baden, Austria","0800 800 500","www.noem.at"]}],"nutritions":[{"key":"","value":"Unzubereitet"},{"key":" ","value":"100 g"},{"key":"Energie","value":"345 kJ | 82 kcal"},{"key":"Fett","value":"2,8 g"},{"key":"Fett, davon gesättigte Fettsäuren","value":"1,7 g"},{"key":"Kohlenhydrate","value":"10,8 g"},{"key":"Kohlenhydrate, davon Zucker","value":"10,8 g"},{"key":"Eiweiß","value":"2,9 g"},{"key":"Salz","value":"0,1 g"}],"tags":[]},
    {"url":"https://www.interspar.at/shop/lebensmittel/p/2020001786985","data":[{"key":"price","value":"1,09 €"},{"key":"oldPrice","value":"\n\t\t\t\t\t\n\t\t\t\t\t \n\t\t\t\t"},{"key":"pricePerUnit","value":"(2.18 €/kg)"},{"key":"productDetailsName","value":"NÖM - Joghurtdrink Natur - 500 G"},{"key":"detailsDescription","value":"500 G"},{"key":"articleNumber","value":"Artikelnummer: 2020001786985"},{"key":"Lagerhinweis:","value":["Vor und nach dem Öffnen gekühlt lagern. Innerhalb von 2-3 Tagen verbrauchen."]},{"key":"Zutaten:","value":["Zutaten: JOGHURT. In Großbuchstaben angegebene Zutaten enthalten allergene Inhaltsstoffe."]},{"key":"Allergene:","value":["Enthält:Milch und daraus gewonnene Erzeugnisse (inkl. Laktose)"]},{"key":"Identitätskennzeichen:","value":["AT 30960 EG"]},{"key":"Verwendungshinweis:","value":["Vor dem Öffnen gut schütteln."]},{"key":"Kontakt:","value":["NÖM AG","Vöslauer Straße 109, 2500 Baden, Austria","www.noem.at","0800 800 500"]}],"nutritions":[{"key":"","value":"Unzubereitet"},{"key":" ","value":"100 g"},{"key":"Energie","value":"250 kJ | 60 kcal"},{"key":"Fett","value":"3,2 g"},{"key":"Fett, davon gesättigte Fettsäuren","value":"1,9 g"},{"key":"Kohlenhydrate","value":"3,7 g"},{"key":"Kohlenhydrate, davon Zucker","value":"3,7 g"},{"key":"Eiweiß","value":"3,3 g"},{"key":"Salz","value":"0,1 g"}],"tags":[]},
    {"url":"https://www.interspar.at/shop/lebensmittel/p/5076406","data":[{"key":"price","value":"1,09 €"},{"key":"oldPrice","value":"\n\t\t\t\t\t\n\t\t\t\t\t \n\t\t\t\t"},{"key":"pricePerUnit","value":"(2.18 €/kg)"},{"key":"productDetailsName","value":"NÖM Mix - Joghurtdrink Erdbeere - 500 G"},{"key":"detailsDescription","value":"500 G"},{"key":"articleNumber","value":"Artikelnummer: 5076406"},{"key":"Lagerhinweis:","value":["Gekühlt (+ 3-9 °C) lagern und nach dem Öffnen innerhalb von 1-2 Tagen verbrauchen."]},{"key":"Zutaten:","value":["Zutaten: JOGHURT mild 1% Fett aus gentechnikfreier Milch*, 9,7% Erdbeeren, Zucker, Traubenzucker, Karottensaftkonzentrat, Stabilisator: Pektine; Zitronensaftkonzentrat. *laut Definition des Österreichischen Lebensmittelcodex für gentechnikfreie Produktion; Kontrolle durch agroVet GmbH. In Großbuchstaben angegebene Zutaten enthalten allergene Inhaltsstoffe."]},{"key":"Allergene:","value":["Enthält:Milch und daraus gewonnene Erzeugnisse (inkl. Laktose)"]},{"key":"Identitätskennzeichen:","value":["AT 30960 EG"]},{"key":"Verbrauchen nach dem Öffnen:","value":["1 Tage"]},{"key":"Verwendungshinweis:","value":["Vor dem Öffnen gut schütteln."]},{"key":"Kontakt:","value":["NÖM AG","Vöslauer Straße 109, 2500 Baden, Österreich","0800 800 500"]}],"nutritions":[{"key":"","value":"Unzubereitet"},{"key":" ","value":"100 g"},{"key":"Energie","value":"306 kJ | 72 kcal | 4 %"},{"key":"Fett","value":"0,8 g | 1 %"},{"key":"Fett, davon gesättigte Fettsäuren","value":"0,5 g | 3 %"},{"key":"Kohlenhydrate","value":"12,8 g | 5 %"},{"key":"Kohlenhydrate, davon Zucker","value":"12,8 g | 14 %"},{"key":"Eiweiß","value":"2,8 g | 6 %"},{"key":"Salz","value":"0,1 g | 2 %"},{"key":"","value":"Unzubereitet"},{"key":" ","value":"Portion (250 g)"},{"key":"Energie","value":"765 kJ | 180 kcal"},{"key":"Fett","value":"2 g"},{"key":"Fett, davon gesättigte Fettsäuren","value":"1,3 g"},{"key":"Kohlenhydrate","value":"32 g"},{"key":"Kohlenhydrate, davon Zucker","value":"32 g"},{"key":"Eiweiß","value":"7 g"},{"key":"Salz","value":"0,25 g"}],"tags":[]},
    {"url":"https://www.interspar.at/shop/lebensmittel/p/5668137","data":[{"key":"price","value":"1,09 €"},{"key":"oldPrice","value":"\n\t\t\t\t\t\n\t\t\t\t\t \n\t\t\t\t"},{"key":"pricePerUnit","value":"(2.18 €/kg)"},{"key":"productDetailsName","value":"NÖM fasten - Joghurtdrink Himbeer - 500 G"},{"key":"detailsDescription","value":"500 G"},{"key":"articleNumber","value":"Artikelnummer: 5668137"},{"key":"Lagerhinweis:","value":["Gekühlt (3-9°C) lagern und nach dem Öffnen innerhalb von 2-3 Tagen verbrauchen."]},{"key":"Zutaten:","value":["Zutaten: 84% JOGHURT mild aus entrahmter gentechnikfreier Milch* mit Lactobacillus acidophilus und Bifidobacterium, Wasser, 3,7% Himbeersaft aus Konzentrat, 1,6% Apfelsaft aus Konzentrat, Stabilisator: Guarkernmehl, Karottensaftkonzentrat, Säuerungsmittel: Citronensäure, Säureregulator: Natriumcitrate, Süßungsmittel: Aspartam, Acesulfam K; Aroma. *laut Definition des Österreichischen Lebensmittelcodex für gentechnikfreie Produktion; Kontrolle durch agroVet GmbH. In Großbuchstaben angegebene Zutaten enthalten allergene Inhaltsstoffe."]},{"key":"Allergene:","value":["Enthält:Milch und daraus gewonnene Erzeugnisse (inkl. Laktose)"]},{"key":"Identitätskennzeichen:","value":["AT 30960 EG"]},{"key":"Verbrauchen nach dem Öffnen:","value":["2 Tage"]},{"key":"Verwendungshinweis:","value":["Vor dem Öffnen gut schütteln."]},{"key":"Kontakt:","value":["NÖM AG","Vöslauer Straße 109, 2500 Baden, Österreich","0800 800 500"]}],"nutritions":[{"key":"","value":"Unzubereitet"},{"key":" ","value":"100 g"},{"key":"Energie","value":"128 kJ | 30 kcal"},{"key":"Fett","value":"0,1 g"},{"key":"Fett, davon gesättigte Fettsäuren","value":"0,06 g"},{"key":"Kohlenhydrate","value":"3,8 g"},{"key":"Kohlenhydrate, davon Zucker","value":"3,8 g"},{"key":"Ballaststoffe","value":"0,1 g"},{"key":"Eiweiß","value":"3 g"},{"key":"Salz","value":"0,1 g"},{"key":"","value":"Unzubereitet"},{"key":" ","value":"Portion (250 g)"},{"key":"Energie","value":"320 kJ | 75 kcal | 4 %"},{"key":"Fett","value":"0,3 g | 1 %"},{"key":"Fett, davon gesättigte Fettsäuren","value":"0,15 g | 1 %"},{"key":"Kohlenhydrate","value":"9,5 g | 4 %"},{"key":"Kohlenhydrate, davon Zucker","value":"9,5 g | 11 %"},{"key":"Ballaststoffe","value":"0,3 g"},{"key":"Eiweiß","value":"7,5 g | 15 %"},{"key":"Salz","value":"0,25 g | 4 %"}],"tags":[]},
    {"url":"https://www.interspar.at/shop/lebensmittel/p/5775927","data":[{"key":"price","value":"1,09 €"},{"key":"oldPrice","value":"\n\t\t\t\t\t\n\t\t\t\t\t \n\t\t\t\t"},{"key":"pricePerUnit","value":"(2.18 €/kg)"},{"key":"productDetailsName","value":"NÖM Mix - Joghurtdrink Waldbeere - 500 G"},{"key":"detailsDescription","value":"500 G"},{"key":"articleNumber","value":"Artikelnummer: 5775927"},{"key":"Lagerhinweis:","value":["Gekühlt (+ 3-9°C) lagern und nach dem Öffnen innerhalb von 1-2 Tagen verbrauchen."]},{"key":"Zutaten:","value":["Zutaten: 74% JOGHURT mild 1% Fett aus gentechnikfreier Milch*, 10% Früchte (Erdbeeren, Heidelbeeren, Himbeeren, Brombeeren), Zucker, Wasser, Traubenzucker, Stabilisator: Pektine. *laut Definition des Österreichischen Lebensmittelcodex für gentechnikfreie Produktion; Kontrolle durch agroVet GmbH. In Großbuchstaben angegebene Zutaten enthalten allergene Inhaltsstoffe."]},{"key":"Allergene:","value":["Enthält:Milch und daraus gewonnene Erzeugnisse (inkl. Laktose)"]},{"key":"Identitätskennzeichen:","value":["AT 30960 EG"]},{"key":"Verbrauchen nach dem Öffnen:","value":["1 Tage"]},{"key":"Verwendungshinweis:","value":["Vor dem Öffnen gut schütteln."]},{"key":"Kontakt:","value":["NÖM AG","Vöslauer Straße 109, 2500 Baden, Österreich","0800 800 500"]}],"nutritions":[{"key":"","value":"Unzubereitet"},{"key":" ","value":"100 g"},{"key":"Energie","value":"318 kJ | 75 kcal | 4 %"},{"key":"Fett","value":"0,8 g | 1 %"},{"key":"Fett, davon gesättigte Fettsäuren","value":"0,5 g | 3 %"},{"key":"Kohlenhydrate","value":"13,4 g | 5 %"},{"key":"Kohlenhydrate, davon Zucker","value":"13,4 g | 15 %"},{"key":"Eiweiß","value":"2,7 g | 5 %"},{"key":"Salz","value":"0,1 g | 2 %"},{"key":"","value":"Unzubereitet"},{"key":" ","value":"Portion (250 g)"},{"key":"Energie","value":"795 kJ | 188 kcal"},{"key":"Fett","value":"2 g"},{"key":"Fett, davon gesättigte Fettsäuren","value":"1,3 g"},{"key":"Kohlenhydrate","value":"33,5 g"},{"key":"Kohlenhydrate, davon Zucker","value":"33,5 g"},{"key":"Eiweiß","value":"6,8 g"},{"key":"Salz","value":"0,25 g"}],"tags":[]},
    {"url":"https://www.interspar.at/shop/lebensmittel/p/2020001850600","data":[{"key":"price","value":"0,99 €"},{"key":"oldPrice","value":"\n\t\t\t\t\t\n\t\t\t\t\t \n\t\t\t\t"},{"key":"pricePerUnit","value":"(1.98 €/l)"},{"key":"productDetailsName","value":"SPAR - Kefir Natur - 0,5 L"},{"key":"detailsDescription","value":"0,5 L"},{"key":"articleNumber","value":"Artikelnummer: 2020001850600"},{"key":"Lagerhinweis:","value":["Vor und nach dem Öffnen gekühlt (bei 3-6°C) lagern. Nach dem Öffnen innerhalb weniger Tage genießen."]},{"key":"Zutaten:","value":["Zutaten: KEFIR. In Großbuchstaben angegebene Zutaten enthalten allergene Inhaltsstoffe."]},{"key":"Allergene:","value":["Enthält:Milch und daraus gewonnene Erzeugnisse (inkl. Laktose)"]},{"key":"","value":["hoher Eiweiß-Gehalt"]},{"key":"Identitätskennzeichen:","value":["AT 20141 EG"]},{"key":"Zusatztext:","value":["Als pures Getränk genießen oder mit z.B. Fruchtsäften mischen.Der Kefir bildet Kohlensäure, daher ist beim Öffnen unter Umständen ein leichtes Zischen zu hören."]},{"key":"Ursprungsland/Herkunftsort:","value":["hergestellt in Österreich"]},{"key":"Verwendungshinweis:","value":["Vor dem Genuss gut schütteln."]},{"key":"Kontakt:","value":["SPAR Österr. Warenhandels-AG","Europastraße 3, 5015 Salzburg, Österreich","office@spar.at"]}],"nutritions":[{"key":"","value":"Unzubereitet"},{"key":" ","value":"100 ml"},{"key":"Energie","value":"257 kJ | 62 kcal"},{"key":"Fett","value":"3,5 g"},{"key":"Fett, davon gesättigte Fettsäuren","value":"2,3 g"},{"key":"Kohlenhydrate","value":"4,1 g"},{"key":"Kohlenhydrate, davon Zucker","value":"4,1 g"},{"key":"Ballaststoffe","value":"0 g"},{"key":"Eiweiß","value":"3,4 g"},{"key":"Salz","value":"0,13 g"},{"key":"Broteinheiten","value":"0,3 BE"}],"tags":[]},
    {"url":"https://www.interspar.at/shop/lebensmittel/p/2020000858805","data":[{"key":"price","value":"1,09 €"},{"key":"oldPrice","value":"\n\t\t\t\t\t\n\t\t\t\t\t \n\t\t\t\t"},{"key":"pricePerUnit","value":"(1.09 €/l)"},{"key":"productDetailsName","value":"SPAR - Niederösterr. Vollmilch 3,5% Frisch - 1 L"},{"key":"detailsDescription","value":"1 L"},{"key":"articleNumber","value":"Artikelnummer: 2020000858805"},{"key":"Lagerhinweis:","value":["Vor und nach dem Öffnen gekühlt bei max. +4 - +6°C lagern. Nach dem Öffnen innerhalb weniger Tage verbrauchen."]},{"key":"Zutaten:","value":["Zutaten: VOLLMILCH. In Großbuchstaben angegebene Zutaten enthalten allergene Inhaltsstoffe."]},{"key":"Allergene:","value":["Enthält:Milch und daraus gewonnene Erzeugnisse (inkl. Laktose)"]},{"key":"Identitätskennzeichen:","value":["AT 30751 EG"]},{"key":"Ursprungsland/Herkunftsort:","value":["Qualität aus Niederösterreich"]},{"key":"Kontakt:","value":["SPAR Österr. Warenhandels-AG","Europastraße 3, 5015 Salzburg, Österreich"]}],"nutritions":[{"key":"","value":"Unzubereitet"},{"key":" ","value":"100 ml"},{"key":"Energie","value":"267 kJ | 64 kcal"},{"key":"Fett","value":"3,5 g"},{"key":"Fett, davon gesättigte Fettsäuren","value":"2,3 g"},{"key":"Kohlenhydrate","value":"4,8 g"},{"key":"Kohlenhydrate, davon Zucker","value":"4,8 g"},{"key":"Ballaststoffe","value":"0 g"},{"key":"Eiweiß","value":"3,3 g"},{"key":"Salz","value":"0,13 g"},{"key":"Kalzium","value":"120 mg | 15 %"},{"key":"Broteinheiten","value":"0,4 BE"},{"key":"","value":"Unzubereitet"},{"key":" ","value":"100 ml"},{"key":"Energie","value":"668 kJ | 160 kcal"},{"key":"Fett","value":"8,8 g"},{"key":"Fett, davon gesättigte Fettsäuren","value":"5,8 g"},{"key":"Kohlenhydrate","value":"12 g"},{"key":"Kohlenhydrate, davon Zucker","value":"12 g"},{"key":"Ballaststoffe","value":"0 g"},{"key":"Eiweiß","value":"8,3 g"},{"key":"Salz","value":"0,33 g"},{"key":"Kalzium","value":"300 mg | 38 %"},{"key":"Broteinheiten","value":"1 BE"}],"tags":[]},
    {"url":"https://www.interspar.at/shop/lebensmittel/p/2020001929757","data":[{"key":"price","value":"3,49 €"},{"key":"oldPrice","value":"\n\t\t\t\t\t\n\t\t\t\t\t \n\t\t\t\t"},{"key":"pricePerUnit","value":"(17.45 €/kg)"},{"key":"productDetailsName","value":"SPAR PREMIUM - Bregenzerwälder Bergkäse - 200 G"},{"key":"detailsDescription","value":"200 G"},{"key":"articleNumber","value":"Artikelnummer: 2020001929757"},{"key":"Lagerhinweis:","value":["Vor und nach dem Öffnen gekühlt lagern und nach dem Öffnen innerhalb von 3-4 Tagen genießen."]},{"key":"Zutaten:","value":["Zutaten: HEUMILCH g.t.S., Salz unjodiert, tierisches Lab, Käsereikulturen. In Großbuchstaben angegebene Zutaten enthalten allergene Inhaltsstoffe."]},{"key":"Allergene:","value":["Enthält:Milch und daraus gewonnene Erzeugnisse (inkl. Laktose)"]},{"key":"","value":["laktosefrei"]},{"key":"Identitätskennzeichen:","value":["AT 80141 EG AT 62268 EG"]},{"key":"Zusatztext:","value":["aus Heumilch g.t.S., 9 Monate gereift"]},{"key":"Ursprungsland/Herkunftsort:","value":["aus Österreich"]},{"key":"Kontakt:","value":["SPAR Österr. Warenhandels-AG","Europastraße 3, 5015 Salzburg, Österreich","office@spar.at"]}],"nutritions":[{"key":"Energie","value":"1606 kJ | 387 kcal"},{"key":"Fett","value":"31 g"},{"key":"Fett, davon gesättigte Fettsäuren","value":"22 g"},{"key":"Kohlenhydrate","value":"0 g"},{"key":"Kohlenhydrate, davon Zucker","value":"0 g"},{"key":"Ballaststoffe","value":"0 g"},{"key":"Eiweiß","value":"27 g"},{"key":"Salz","value":"1,4 g"},{"key":"Broteinheiten","value":"0 BE"}],"tags":["Gekühlt","immer Billig"]},
    {"url":"https://www.interspar.at/shop/lebensmittel/p/7546266","data":[{"key":"price","value":"3,69 €"},{"key":"oldPrice","value":"\n\t\t\t\t\t\n\t\t\t\t\t \n\t\t\t\t"},{"key":"pricePerUnit","value":"(18.45 €/kg)"},{"key":"productDetailsName","value":"SPAR PREMIUM - Bregenzerwälder Bergkäse - 200 G"},{"key":"detailsDescription","value":"200 G"},{"key":"articleNumber","value":"Artikelnummer: 7546266"},{"key":"Lagerhinweis:","value":["Geöffnete Packung gekühlt lagern und innerhalb von 3 - 4 Tagen aufbrauchen."]},{"key":"Zutaten:","value":["Zutaten: Silofreie KUHROHMILCH, Speisesalz, Lab, Rotkulturen.In Großbuchstaben angegebene Zutaten enthalten allergene Inhaltsstoffe."]},{"key":"Allergene:","value":["Enthält:Milch und daraus gewonnene Erzeugnisse (inkl. Laktose)"]},{"key":"","value":["Laktosefrei"]},{"key":"Identitätskennzeichen:","value":["AT 80141 EG / DE BY 13136 EG"]},{"key":"Ursprungsland/Herkunftsort:","value":["aus Vorarlberg"]},{"key":"Verbrauchen nach dem Öffnen:","value":["3 Tage"]},{"key":"Kontakt:","value":["SPAR Österr. Warenhandels-AG","Europastraße 3, 5015 Salzburg, Österreich"]}],"nutritions":[{"key":"","value":"Unzubereitet"},{"key":" ","value":"100 g"},{"key":"Energie","value":"1606 kJ | 387 kcal"},{"key":"Fett","value":"31 g"},{"key":"Fett, davon gesättigte Fettsäuren","value":"22 g"},{"key":"Kohlenhydrate","value":"0 g"},{"key":"Kohlenhydrate, davon Zucker","value":"0 g"},{"key":"Ballaststoffe","value":"0 g"},{"key":"Eiweiß","value":"27 g"},{"key":"Salz","value":"1,4 g"},{"key":"Broteinheiten","value":"0 BE"}],"tags":["Gekühlt","Glutenfrei","Lactosefrei"]},
    {"url":"https://www.interspar.at/shop/lebensmittel/p/1232080","data":[{"key":"price","value":"1,99 €"},{"key":"oldPrice","value":"\n\t\t\t\t\t\n\t\t\t\t\t \n\t\t\t\t"},{"key":"pricePerUnit","value":"(4.98 €/kg)"},{"key":"productDetailsName","value":"Dr. Oetker Marmorette - Schoko 4 x 100g - 400 G"},{"key":"detailsDescription","value":"400 G"},{"key":"articleNumber","value":"Artikelnummer: 1232080"},{"key":"Lagerhinweis:","value":["Bei +8°C lagern."]},{"key":"Zutaten:","value":["Zutaten: VOLLMILCH, 23% SAHNE, Invertzuckersirup, Zucker, modifizierte Stärke, 1,5% fettarmer Kakao,     MAGERMILCHPULVER, Gelatine, Verdickungsmittel: Carrageen, Guarkernmehl; Emulgator: Milchsäureester von Mono- und Diglyceriden von Speisefettsäuren, Dextrose, Salz, Vanillin. In Großbuchstaben angegebene Zutaten enthalten allergene Inhaltsstoffe."]},{"key":"Allergene:","value":["Enthält:Milch und daraus gewonnene Erzeugnisse (inkl. Laktose)"]},{"key":"Identitätskennzeichen:","value":["DE NW 303 EG"]},{"key":"Zusatztext:","value":["Aufgeschlagen mit Luft."]},{"key":"Kontakt:","value":["Dr. Oetker GmbH","Ringmauergasse 9/1, 9500 Villach, Österreich"]}],"nutritions":[{"key":"","value":"Unzubereitet"},{"key":" ","value":"100 g"},{"key":"Energie","value":"643 kJ | 154 kcal | 8 %"},{"key":"Fett","value":"8,7 g | 12 %"},{"key":"Fett, davon gesättigte Fettsäuren","value":"5,6 g | 28 %"},{"key":"Kohlenhydrate","value":"15 g | 6 %"},{"key":"Kohlenhydrate, davon Zucker","value":"13 g | 14 %"},{"key":"Eiweiß","value":"3,2 g | 6 %"},{"key":"Salz","value":"0,16 g | 3 %"}],"tags":[]},
    {"url":"https://www.interspar.at/shop/lebensmittel/p/1232806","data":[{"key":"price","value":"1,99 €"},{"key":"oldPrice","value":"\n\t\t\t\t\t\n\t\t\t\t\t \n\t\t\t\t"},{"key":"pricePerUnit","value":"(4.98 €/kg)"},{"key":"productDetailsName","value":"Dr. Oetker Marmorette - Bourbon-Vanille 4 x 100g - 400 G"},{"key":"detailsDescription","value":"400 G"},{"key":"articleNumber","value":"Artikelnummer: 1232806"},{"key":"Lagerhinweis:","value":["Bei +8°C lagern."]},{"key":"Zutaten:","value":["Zutaten: VOLLMILCH, 23% SAHNE, Zucker, modifizierte Stärke, Invertzuckersirup, Gelatine, Verdickungsmittel: Carrageen, Guarkernmehl; Emulgator: Milchsäureester von Mono- und Diglyceriden von Speisefettsäuren, natürliches Bourbon-Vanille Aroma, gemahlene Bourbon-Vanilleschoten, Salz, Farbstoff: Carotin, Stabilisator: Natriumcarbonate. In Großbuchstaben angegebene Zutaten enthalten allergene Inhaltsstoffe."]},{"key":"Allergene:","value":["Enthält:Milch und daraus gewonnene Erzeugnisse (inkl. Laktose)"]},{"key":"Identitätskennzeichen:","value":["DE NW 303 EG"]},{"key":"Zusatztext:","value":["Aufgeschlagen mit Luft."]},{"key":"Kontakt:","value":["Dr. Oetker GmbH","Ringmauergasse 9/1, 9500 Villach, Österreich"]}],"nutritions":[{"key":"","value":"Unzubereitet"},{"key":" ","value":"100 g"},{"key":"Energie","value":"574 kJ | 137 kcal | 7 %"},{"key":"Fett","value":"8,1 g | 12 %"},{"key":"Fett, davon gesättigte Fettsäuren","value":"5,2 g | 26 %"},{"key":"Kohlenhydrate","value":"13 g | 5 %"},{"key":"Kohlenhydrate, davon Zucker","value":"11 g | 12 %"},{"key":"Eiweiß","value":"2,9 g | 6 %"},{"key":"Salz","value":"0,17 g | 3 %"}],"tags":[]},
    {"url":"https://www.interspar.at/shop/lebensmittel/p/1597981","data":[{"key":"price","value":"0,89 €"},{"key":"oldPrice","value":"\n\t\t\t\t\t\n\t\t\t\t\t \n\t\t\t\t"},{"key":"pricePerUnit","value":"(4.45 €/kg)"},{"key":"productDetailsName","value":"Müller - Milchreis Original leicht & lecker - 200 G"},{"key":"detailsDescription","value":"200 G"},{"key":"articleNumber","value":"Artikelnummer: 1597981"},{"key":"Lagerhinweis:","value":["Bei maximal +8 °C lagern."]},{"key":"Zutaten:","value":["Zutaten: VOLLMILCH, BUTTERMILCH, Wasser, Reis, modifizierte Stärke, Speisesalz, Verdickungsmittel Guarkernmehl, Süßungsmittel Acesulfam-K, Aspartam; Aroma. In Großbuchstaben angegebene Zutaten enthalten allergene Inhaltstoffe."]},{"key":"Allergene:","value":["Enthält:Milch und daraus gewonnene Erzeugnisse (inkl. Laktose)"]},{"key":"Identitätskennzeichen:","value":["DE BY 718 EG DE SN 016 EG"]},{"key":"Kontakt:","value":["Molkerei Alois Müller GmbH & Co. KG","Zollerstraße 7, 86850 Fischach-Aretsried, Deutschland"]}],"nutritions":[{"key":"","value":"Unzubereitet"},{"key":" ","value":"100 g"},{"key":"Energie","value":"321 kJ | 76 kcal"},{"key":"Fett","value":"2,3 g"},{"key":"Fett, davon gesättigte Fettsäuren","value":"1,5 g"},{"key":"Kohlenhydrate","value":"10,7 g"},{"key":"Kohlenhydrate, davon Zucker","value":"3,7 g"},{"key":"Eiweiß","value":"3,1 g"},{"key":"Salz","value":"0,25 g"},{"key":"Kalzium","value":"89 mg | 11 %"},{"key":"","value":"Unzubereitet"},{"key":" ","value":"Portion (200 g)"},{"key":"Energie","value":"642 kJ | 152 kcal"},{"key":"Fett","value":"4,6 g"},{"key":"Fett, davon gesättigte Fettsäuren","value":"3 g"},{"key":"Kohlenhydrate","value":"21,4 g"},{"key":"Kohlenhydrate, davon Zucker","value":"7,4 g"},{"key":"Eiweiß","value":"6,2 g"},{"key":"Salz","value":"0,5 g"},{"key":"Kalzium","value":"178 mg | 22 %"}],"tags":[]},
    {"url":"https://www.interspar.at/shop/lebensmittel/p/1598124","data":[{"key":"price","value":"0,89 €"},{"key":"oldPrice","value":"\n\t\t\t\t\t\n\t\t\t\t\t \n\t\t\t\t"},{"key":"pricePerUnit","value":"(4.45 €/kg)"},{"key":"productDetailsName","value":"Müller - Milchreis Kirsche leicht & lecker - 200 G"},{"key":"detailsDescription","value":"200 G"},{"key":"articleNumber","value":"Artikelnummer: 1598124"},{"key":"Lagerhinweis:","value":["Bei maximal +8 °C lagern."]},{"key":"Zutaten:","value":["Zutaten: VOLLMILCH, Waser, BUTTERMILCH, Kirschen*, Reis, modifizierte Stärke, Speisesalz, Verdickungsmittel Guarkernmehl, Süßungsmittel: Acesulfam-K,Aspartam; Farbstoffe: echtes Karmin, Aroma. *Fruchtgehalt im Endprodukt: 6,7%. In Großbuchstaben angegebene Zutaten enthalten allergene Inhaltstoffe."]},{"key":"Allergene:","value":["Enthält:Milch und daraus gewonnene Erzeugnisse (inkl. Laktose)"]},{"key":"Identitätskennzeichen:","value":["DE BY 718 EG DE SN 016 EG"]},{"key":"Kontakt:","value":["Molkerei Alois Müller GmbH & Co. KG","Zollerstraße 7, 86850 Fischach-Aretsried, Deutschland"]}],"nutritions":[{"key":"","value":"Unzubereitet"},{"key":" ","value":"100 g"},{"key":"Energie","value":"321 kJ | 76 kcal"},{"key":"Fett","value":"2,3 g"},{"key":"Fett, davon gesättigte Fettsäuren","value":"1,5 g"},{"key":"Kohlenhydrate","value":"10,7 g"},{"key":"Kohlenhydrate, davon Zucker","value":"3,7 g"},{"key":"Eiweiß","value":"3,1 g"},{"key":"Salz","value":"0,25 g"},{"key":"Kalzium","value":"89 mg | 11 %"},{"key":"","value":"Unzubereitet"},{"key":" ","value":"Portion (200 g)"},{"key":"Energie","value":"642 kJ | 152 kcal"},{"key":"Fett","value":"4,6 g"},{"key":"Fett, davon gesättigte Fettsäuren","value":"3 g"},{"key":"Kohlenhydrate","value":"21,4 g"},{"key":"Kohlenhydrate, davon Zucker","value":"7,4 g"},{"key":"Eiweiß","value":"6,2 g"},{"key":"Salz","value":"0,5 g"},{"key":"Kalzium","value":"178 mg | 22 %"}],"tags":[]},
    {"url":"https://www.interspar.at/shop/lebensmittel/p/1598186","data":[{"key":"price","value":"0,89 €"},{"key":"oldPrice","value":"\n\t\t\t\t\t\n\t\t\t\t\t \n\t\t\t\t"},{"key":"pricePerUnit","value":"(4.45 €/kg)"},{"key":"productDetailsName","value":"Müller - Milchreis Zimt leicht & lecker - 200 G"},{"key":"detailsDescription","value":"200 G"},{"key":"articleNumber","value":"Artikelnummer: 1598186"},{"key":"Lagerhinweis:","value":["Bei maximal +8 °C lagern."]},{"key":"Zutaten:","value":["Zutaten: VOLLMILCH, Wasser, BUTTERMILCH, Reis, Fruktose, modifizierte Stärke, Zimt, Kakaopulver, Speisesalz, Verdickungsmittel Guarkernmehl, Süßungsmittel: Acesulfam-K, Aspartam; Aroma. In Großbuchstaben angegebene Zutaten enthalten allergene Inhaltstoffe."]},{"key":"Allergene:","value":["Enthält:Milch und daraus gewonnene Erzeugnisse (inkl. Laktose)"]},{"key":"Identitätskennzeichen:","value":["DE BY 718 EG DE SN 016 EG"]},{"key":"Kontakt:","value":["Molkerei Alois Müller GmbH & Co. KG","Zollerstraße 7, 86850 Fischach-Aretsried, Deutschland"]}],"nutritions":[{"key":"","value":"Unzubereitet"},{"key":" ","value":"100 g"},{"key":"Energie","value":"320 kJ | 76 kcal"},{"key":"Fett","value":"2 g"},{"key":"Fett, davon gesättigte Fettsäuren","value":"1,4 g"},{"key":"Kohlenhydrate","value":"11,6 g"},{"key":"Kohlenhydrate, davon Zucker","value":"5 g"},{"key":"Eiweiß","value":"2,8 g"},{"key":"Salz","value":"0,26 g"},{"key":"Kalzium","value":"80 mg | 10 %"},{"key":"","value":"Unzubereitet"},{"key":" ","value":"Portion (200 g)"},{"key":"Energie","value":"640 kJ | 152 kcal"},{"key":"Fett","value":"4 g"},{"key":"Fett, davon gesättigte Fettsäuren","value":"2,8 g"},{"key":"Kohlenhydrate","value":"23,2 g"},{"key":"Kohlenhydrate, davon Zucker","value":"10 g"},{"key":"Eiweiß","value":"5,6 g"},{"key":"Salz","value":"0,52 g"},{"key":"Kalzium","value":"160 mg | 20 %"}],"tags":[]},
    {"url":"https://www.interspar.at/shop/lebensmittel/p/2020001126347","data":[{"key":"price","value":"0,89 €"},{"key":"oldPrice","value":"\n\t\t\t\t\t\n\t\t\t\t\t \n\t\t\t\t"},{"key":"pricePerUnit","value":"(3.56 €/kg)"},{"key":"productDetailsName","value":"Schärdinger Meine Linie - Sauerrahm - 250 G"},{"key":"detailsDescription","value":"250 G"},{"key":"articleNumber","value":"Artikelnummer: 2020001126347"},{"key":"Lagerhinweis:","value":["Vor und nach dem Aufmachen gekühlt (bis +6 °C) lagern. Nach dem Aufmachen innerhalb weniger Tage genießen."]},{"key":"Zutaten:","value":["Zutaten: RAHM 10 % Fett, MILCHEIWEISS, Milchsäurebakterien. In Großbuchstaben angegebene Zutaten enthalten allergene Inhaltsstoffe."]},{"key":"Allergene:","value":["Enthält:Milch und daraus gewonnene Erzeugnisse (inkl. Laktose)"]},{"key":"","value":["Laktosefrei"]},{"key":"Identitätskennzeichen:","value":["AT 30751 EG"]},{"key":"Kontakt:","value":["Berglandmilch eGen","Schubertstraße 30, 4600 Wels, Österreich"]}],"nutritions":[{"key":"","value":"Unzubereitet"},{"key":" ","value":"100 g"},{"key":"Energie","value":"487 kJ | 118 kcal"},{"key":"Fett","value":"10 g"},{"key":"Fett, davon gesättigte Fettsäuren","value":"6,5 g"},{"key":"Kohlenhydrate","value":"3,4 g"},{"key":"Kohlenhydrate, davon Zucker","value":"3,4 g"},{"key":"Eiweiß","value":"3,5 g"},{"key":"Salz","value":"0,11 g"}],"tags":["Lactosefrei"]},
    {"url":"https://www.interspar.at/shop/lebensmittel/p/2020001678686","data":[{"key":"price","value":"1,99 €"},{"key":"oldPrice","value":"\n\t\t\t\t\t\n\t\t\t\t\t \n\t\t\t\t"},{"key":"pricePerUnit","value":"(4.33 €/kg)"},{"key":"productDetailsName","value":"Danone Dany - Dunkle Schoko + Sahne 4 x 115g - 460 G"},{"key":"detailsDescription","value":"460 G"},{"key":"articleNumber","value":"Artikelnummer: 2020001678686"},{"key":"Lagerhinweis:","value":["Bei maximal +8 °C lagern."]},{"key":"Zutaten:","value":["Zutaten: Entrahmte MILCH, 20% SAHNE, MOLKENERZEUGNIS, Zucker, 2,3% dunkle Schokolade (Kakaomasse, Zucker, Emulgator: Lecithine (SOJA)), modifizierte Stärke (aus Mais und WEIZEN), 1,7% fettarmer Kakao, Verdickungsmittel: Carrageen, Gelatine, Emulgator: Milchsäureester von Mono- und Diglyceriden von Speisefettsäuren, Stickstoff, Speisesalz. In Großbuchstaben angegebene Zutaten enthalten allergene Inhaltstoffe."]},{"key":"Allergene:","value":["Enthält:Glutenhaltiges Getreide und daraus hergestellte Erzeugnisse, Milch und daraus gewonnene Erzeugnisse (inkl. Laktose), Sojabohnen und daraus gewonnene Erzeugnisse"]},{"key":"Identitätskennzeichen:","value":["DE BY-601 EG"]},{"key":"Kontakt:","value":["Danone GmbH","Technologiestraße 10, 1120 Wien, Österreich","+43 (0)1 / 211 57-207"]}],"nutritions":[{"key":"","value":"Unzubereitet"},{"key":" ","value":"100 g"},{"key":"Energie","value":"589 kJ | 140 kcal"},{"key":"Fett","value":"7,2 g"},{"key":"Fett, davon gesättigte Fettsäuren","value":"4,7 g"},{"key":"Kohlenhydrate","value":"16 g"},{"key":"Kohlenhydrate, davon Zucker","value":"14 g"},{"key":"Eiweiß","value":"2,9 g"},{"key":"Salz","value":"0,15 g"},{"key":"","value":"Unzubereitet"},{"key":" ","value":"Portion (115 g)"},{"key":"Energie","value":"677 kJ | 161 kcal | 8 %"},{"key":"Fett","value":"8,3 g | 12 %"},{"key":"Fett, davon gesättigte Fettsäuren","value":"5,4 g | 27 %"},{"key":"Kohlenhydrate","value":"18 g | 7 %"},{"key":"Kohlenhydrate, davon Zucker","value":"16 g | 18 %"},{"key":"Eiweiß","value":"3,3 g | 7 %"},{"key":"Salz","value":"0,17 g | 3 %"}],"tags":[]},
    {"url":"https://www.interspar.at/shop/lebensmittel/p/2020001876075","data":[{"key":"price","value":"0,99 €"},{"key":"oldPrice","value":"\n\t\t\t\t\t\n\t\t\t\t\t \n\t\t\t\t"},{"key":"pricePerUnit","value":"(7.92 €/kg)"},{"key":"productDetailsName","value":"MinusL - Grießpudding mit Zimt verfeinert - 125 G"},{"key":"detailsDescription","value":"125 G"},{"key":"articleNumber","value":"Artikelnummer: 2020001876075"},{"key":"Lagerhinweis:","value":["Bei +2° C bis +8° C lagern."]},{"key":"Zutaten:","value":["Zutaten: VOLLMILCH, 13 % SAHNE, 8 % HARTWEIZENGRIESS, Zucker, Laktase, Zimt.  In Großbuchstaben angegebene Zutaten enthalten allergene Inhaltsstoffe."]},{"key":"Allergene:","value":["Enthält:Glutenhaltiges Getreide und daraus hergestellte Erzeugnisse, Milch und daraus gewonnene Erzeugnisse (inkl. Laktose)"]},{"key":"","value":["Laktosefrei"]},{"key":"Kontakt:","value":["Milchpeter Handels GmbH","Leonard Bernstein Strasse 4-6/2/12, 1220 Wien, Österreich"]}],"nutritions":[{"key":"","value":"Unzubereitet"},{"key":" ","value":"100 g"},{"key":"Energie","value":"578 kJ | 138 kcal"},{"key":"Fett","value":"6,1 g"},{"key":"Fett, davon gesättigte Fettsäuren","value":"4 g"},{"key":"Kohlenhydrate","value":"17 g"},{"key":"Kohlenhydrate, davon Zucker","value":"12 g"},{"key":"Ballaststoffe","value":"0,3 g"},{"key":"Eiweiß","value":"3,6 g"},{"key":"Salz","value":"0,15 g"}],"tags":["Lactosefrei"]},
    {"url":"https://www.interspar.at/shop/lebensmittel/p/2020001876280","data":[{"key":"price","value":"0,99 €"},{"key":"oldPrice","value":"\n\t\t\t\t\t\n\t\t\t\t\t \n\t\t\t\t"},{"key":"pricePerUnit","value":"(7.92 €/kg)"},{"key":"productDetailsName","value":"MinusL - Grießpudding mit Sahne verfeinert - 125 G"},{"key":"detailsDescription","value":"125 G"},{"key":"articleNumber","value":"Artikelnummer: 2020001876280"},{"key":"Lagerhinweis:","value":["Bei +2° C bis +8° C lagern."]},{"key":"Zutaten:","value":["Zutaten: VOLLMILCH, 13% SAHNE, 8% HARTWEIZENGRIESS, Zucker, Laktase. In Großbuchstaben angegebene Zutaten enthalten allergene Inhaltsstoffe."]},{"key":"Allergene:","value":["Enthält:Glutenhaltiges Getreide und daraus hergestellte Erzeugnisse, Milch und daraus gewonnene Erzeugnisse (inkl. Laktose)"]},{"key":"","value":["Laktosefrei"]},{"key":"Kontakt:","value":["Milchpeter Handels GmbH","Leonard Bernstein Strasse 4-6/2/12, 1220 Wien, Österreich"]}],"nutritions":[{"key":"","value":"Unzubereitet"},{"key":" ","value":"100 g"},{"key":"Energie","value":"593 kJ | 141 kcal"},{"key":"Fett","value":"6,4 g"},{"key":"Fett, davon gesättigte Fettsäuren","value":"4,3 g"},{"key":"Kohlenhydrate","value":"17 g"},{"key":"Kohlenhydrate, davon Zucker","value":"11 g"},{"key":"Ballaststoffe","value":"0,3 g"},{"key":"Eiweiß","value":"3,8 g"},{"key":"Salz","value":"0,15 g"}],"tags":["Lactosefrei"]},
    {"url":"https://www.interspar.at/shop/lebensmittel/p/2129181","data":[{"key":"price","value":"0,89 €"},{"key":"oldPrice","value":"\n\t\t\t\t\t\n\t\t\t\t\t \n\t\t\t\t"},{"key":"pricePerUnit","value":"(5.56 €/kg)"},{"key":"productDetailsName","value":"Müller - Milchreis à la Kompott Pflaume - 160 G"},{"key":"detailsDescription","value":"160 G"},{"key":"articleNumber","value":"Artikelnummer: 2129181"},{"key":"Lagerhinweis:","value":["Bei max. +8°C lagern."]},{"key":"Zutaten:","value":["Zutaten: VOLLMILCH, BUTTERMILCH, Zucker, Wasser, Pflaume*, Reis, VOLLEI, Traubenzucker, modifizierte Stärke, Verdickungsmittel: Pektine, Johannisbrotkernmehl, Guarkernmehl; Säuerungsmittel: Citronensäure; Säureregulator: Natriumcitrate; färbendes Pflanzenkonzentrat: Karotte; Speisesalz, Aroma. *Fruchtgehalt im Endprodukt: 9,8 %. In Großbuchstaben angegebene Zutaten enthalten allergene Inhaltstoffe."]},{"key":"Allergene:","value":["Enthält:Eier und daraus gewonnene Erzeugnisse, Milch und daraus gewonnene Erzeugnisse (inkl. Laktose)"]},{"key":"Identitätskennzeichen:","value":["DE BY 718 EG"]},{"key":"Kontakt:","value":["Molkerei Alois Müller GmbH & Co. KG","Zollerstraße 7, 86850 Fischach-Aretsried, Deutschland"]}],"nutritions":[{"key":"","value":"Unzubereitet"},{"key":" ","value":"100 g"},{"key":"Energie","value":"466 kJ | 110 kcal"},{"key":"Fett","value":"2 g"},{"key":"Fett, davon gesättigte Fettsäuren","value":"1,3 g"},{"key":"Kohlenhydrate","value":"20,1 g"},{"key":"Kohlenhydrate, davon Zucker","value":"14,6 g"},{"key":"Eiweiß","value":"2,8 g"},{"key":"Salz","value":"0,24 g"}],"tags":[]},
    {"url":"https://www.interspar.at/shop/lebensmittel/p/3893876","data":[{"key":"price","value":"0,89 €"},{"key":"oldPrice","value":"\n\t\t\t\t\t\n\t\t\t\t\t \n\t\t\t\t"},{"key":"pricePerUnit","value":"(5.56 €/kg)"},{"key":"productDetailsName","value":"Müller - Milchreis à la Kompott Aprikose - 160 G"},{"key":"detailsDescription","value":"160 G"},{"key":"articleNumber","value":"Artikelnummer: 3893876"},{"key":"Lagerhinweis:","value":["Bei max. +8°C lagern."]},{"key":"Zutaten:","value":["Zutaten: VOLLMILCH, BUTTERMILCH, Zucker, Wasser, Aprikosen*, Reis, VOLLEI, Traubenzucker, modifizierte Stärke, Zitronensaftkonzentrat, Verdickungsmittel: Pektine, Johannisbrotkernmehl, Guarkernmehl;  Säuerungsmittel: Citronensäure; Säureregulator: Natriumcitrate; färbende Frucht- und Pflanzenkonzentrate (Saflor, Zitrone), Speisesalz, Aroma. *Fruchtgehalt im Endprodukt: 9,6%. In Großbuchstaben angegebene Zutaten enthalten allergene Inhaltsstoffe."]},{"key":"Allergene:","value":["Enthält:Eier und daraus gewonnene Erzeugnisse, Milch und daraus gewonnene Erzeugnisse (inkl. Laktose)"]},{"key":"Identitätskennzeichen:","value":["DE BY 718 EG DE SN 016 EG"]},{"key":"Kontakt:","value":["Molkerei Alois Müller GmbH & Co. KG","Zollerstraße 7, 86850 Fischach-Aretsried, Deutschland"]}],"nutritions":[{"key":"","value":"Unzubereitet"},{"key":" ","value":"100 g"},{"key":"Energie","value":"467 kJ | 111 kcal"},{"key":"Fett","value":"2 g"},{"key":"Fett, davon gesättigte Fettsäuren","value":"1,3 g"},{"key":"Kohlenhydrate","value":"20,2 g"},{"key":"Kohlenhydrate, davon Zucker","value":"14,8 g"},{"key":"Eiweiß","value":"2,8 g"},{"key":"Salz","value":"0,23 g"}],"tags":[]},
    {"url":"https://www.interspar.at/shop/lebensmittel/p/4406129","data":[{"key":"price","value":"0,89 €"},{"key":"oldPrice","value":"\n\t\t\t\t\t\n\t\t\t\t\t \n\t\t\t\t"},{"key":"pricePerUnit","value":"(4.45 €/kg)"},{"key":"productDetailsName","value":"Müller - Milchreis Himbeere - 200 G"},{"key":"detailsDescription","value":"200 G"},{"key":"articleNumber","value":"Artikelnummer: 4406129"},{"key":"Lagerhinweis:","value":["Bei + 8°C lagern."]},{"key":"Zutaten:","value":["Zutaten: VOLLMILCH, BUTTERMILCH, Zucker, Reis, Wasser, Himbeere*, Himbeersaft* aus Himbeersaftkonzentrat, 0,4% Traubenzucker, VOLLEI, Speisesalz, Verdickungsmittel: Johannisbrotkernmehl, Guarkernmehl; Aroma, Farbstoffe: Echtes Karmin. *Fruchtgehalt im Endprodukt: 10,3 %. In Großbuchstaben angegebene Zutaten enthalten allergene Inhaltsstoffe."]},{"key":"Allergene:","value":["Enthält:Eier und daraus gewonnene Erzeugnisse, Milch und daraus gewonnene Erzeugnisse (inkl. Laktose)"]},{"key":"Identitätskennzeichen:","value":["DE BY 718 EG DE SN 016EG"]},{"key":"Kontakt:","value":["Molkerei Alois Müller GmbH & Co. KG","Zollerstraße 7, 86850 Fischach-Aretsried, Deutschland"]}],"nutritions":[{"key":"","value":"Unzubereitet"},{"key":" ","value":"100 g"},{"key":"Energie","value":"450 kJ | 107 kcal"},{"key":"Fett","value":"2,2 g"},{"key":"Fett, davon gesättigte Fettsäuren","value":"1,4 g"},{"key":"Kohlenhydrate","value":"18,4 g"},{"key":"Kohlenhydrate, davon Zucker","value":"12,5 g"},{"key":"Eiweiß","value":"3,1 g"},{"key":"Salz","value":"0,24 g"},{"key":"Kalzium","value":"88 mg | 11 %"},{"key":"","value":"Unzubereitet"},{"key":" ","value":"Portion (200 g)"},{"key":"Energie","value":"900 kJ | 214 kcal"},{"key":"Fett","value":"4,4 g"},{"key":"Fett, davon gesättigte Fettsäuren","value":"2,8 g"},{"key":"Kohlenhydrate","value":"36,8 g"},{"key":"Kohlenhydrate, davon Zucker","value":"25 g"},{"key":"Eiweiß","value":"6,2 g"},{"key":"Salz","value":"0,48 g"},{"key":"Kalzium","value":"176 mg | 22 %"}],"tags":[]},
    {"url":"https://www.interspar.at/shop/lebensmittel/p/4536871","data":[{"key":"price","value":"0,65 €"},{"key":"oldPrice","value":"\n\t\t\t\t\t\n\t\t\t\t\t \n\t\t\t\t"},{"key":"pricePerUnit","value":"(3.61 €/kg)"},{"key":"productDetailsName","value":"NÖM fasten - Fruchtjoghurt Heidelbeer - 180 G"},{"key":"detailsDescription","value":"180 G"},{"key":"articleNumber","value":"Artikelnummer: 4536871"},{"key":"Lagerhinweis:","value":["Gekühlt (+ 3-9°C) lagern."]},{"key":"Zutaten:","value":["Zutaten: MAGERJOGHURT mild 0,1% Fett mit Lactobacillus acidophilus und Bifidobacterium* , 7,7% Heidelbeeren, Fruktosesirup, 2,3% Heidelbeersaft aus Heidelbeersaftkonzentrat, modifizierte Stärke, Stabilisatoren: Pektine, Guarkernmehl; färbendes Karottensaftkonzentrat, färbender Hibiskusextrakt, Säureregulator: Natriumcitrate, Süßungsmittel: Sucralose, Acesulfam K; Aroma. *aus tentechnikfreier Milch laut Definition des Österreichischen Lebensmittelcodex für gentechnikfreie Produktion; Kontrolle durch agroVet GmbH. In Großbuchstaben angegebene Zutaten enthalten allergene Inhaltsstoffe."]},{"key":"Allergene:","value":["Enthält:Milch und daraus gewonnene Erzeugnisse (inkl. Laktose)"]},{"key":"Identitätskennzeichen:","value":["AT 30960 EG"]},{"key":"Kontakt:","value":["NÖM AG","Vöslauer Straße 109, 2500 Baden, Österreich","0800 800 500"]}],"nutritions":[{"key":"","value":"Unzubereitet"},{"key":" ","value":"100 g"},{"key":"Energie","value":"224 kJ | 53 kcal"},{"key":"Fett","value":"0,1 g"},{"key":"Fett, davon gesättigte Fettsäuren","value":"0,06 g"},{"key":"Kohlenhydrate","value":"8 g"},{"key":"Kohlenhydrate, davon Zucker","value":"7,4 g"},{"key":"Ballaststoffe","value":"0,5 g"},{"key":"Eiweiß","value":"4,1 g"},{"key":"Salz","value":"0,1 g"},{"key":"","value":"Unzubereitet"},{"key":" ","value":"Portion (180 g)"},{"key":"Energie","value":"403 kJ | 95 kcal | 0 %"},{"key":"Fett","value":"0,2 g | 0 %"},{"key":"Fett, davon gesättigte Fettsäuren","value":"0,1 g | 0 %"},{"key":"Kohlenhydrate","value":"14,4 g | 0 %"},{"key":"Kohlenhydrate, davon Zucker","value":"13,3 g | 0 %"},{"key":"Ballaststoffe","value":"0,9 g"},{"key":"Eiweiß","value":"7,4 g | 0 %"},{"key":"Salz","value":"0,18 g | 0 %"}],"tags":[]},
    {"url":"https://www.interspar.at/shop/lebensmittel/p/5018932","data":[{"key":"price","value":"0,65 €"},{"key":"oldPrice","value":"\n\t\t\t\t\t\n\t\t\t\t\t \n\t\t\t\t"},{"key":"pricePerUnit","value":"(3.61 €/kg)"},{"key":"productDetailsName","value":"NÖM fasten - Fruchtjoghurt Vanille - 180 G"},{"key":"detailsDescription","value":"180 G"},{"key":"articleNumber","value":"Artikelnummer: 5018932"},{"key":"Lagerhinweis:","value":["Gekühlt (+ 3-9 °C) lagern."]},{"key":"Zutaten:","value":["Zutaten: MAGERJOGHURT* mild 0,1% Fett mit Lactobacillus acidophilus und Bifidobacterium, Wasser, Fruktosesirup, modifizierte Stärke, Stabilisatoren: Johannisbrotkernmehl, Guarkernmehl; färbendes Karottenkonzentrat, Vanilleschoten gemahlen, Bourbon Vanilleschotenextrakt, Säuerungsmittel: Citronensäure, Süßungsmittel: Sucralose, Acesulfam K; Vanillin, Aroma. *aus gentechnikfreier Milch laut Definition des Österreichischen Lebensmittelcodex für gentechnikfreie Produktion; Kontrolle durch agroVet GmbH. In Großbuchstaben angegebene Zutaten enthalten allergene Inhaltsstoffe."]},{"key":"Allergene:","value":["Enthält:Milch und daraus gewonnene Erzeugnisse (inkl. Laktose)"]},{"key":"Identitätskennzeichen:","value":["AT 30960 EG"]},{"key":"Kontakt:","value":["NÖM AG","Vöslauer Straße 109, 2500 Baden, Österreich","0800 800 500"]}],"nutritions":[{"key":"","value":"Unzubereitet"},{"key":" ","value":"100 g"},{"key":"Energie","value":"195 kJ | 46 kcal"},{"key":"Fett","value":"0,1 g"},{"key":"Fett, davon gesättigte Fettsäuren","value":"0,06 g"},{"key":"Kohlenhydrate","value":"6,5 g"},{"key":"Kohlenhydrate, davon Zucker","value":"5,9 g"},{"key":"Eiweiß","value":"4,2 g"},{"key":"Salz","value":"0,1 g"},{"key":"","value":"Unzubereitet"},{"key":" ","value":"Portion (180 g)"},{"key":"Energie","value":"351 kJ | 83 kcal | 4 %"},{"key":"Fett","value":"< 0,2 g | 1 %"},{"key":"Fett, davon gesättigte Fettsäuren","value":"< 0,1 g | 1 %"},{"key":"Kohlenhydrate","value":"11,7 g | 5 %"},{"key":"Kohlenhydrate, davon Zucker","value":"10,6 g | 12 %"},{"key":"Eiweiß","value":"7,6 g | 15 %"},{"key":"Salz","value":"0,18 g | 3 %"}],"tags":[]},
    {"url":"https://www.interspar.at/shop/lebensmittel/p/5018970","data":[{"key":"price","value":"0,65 €"},{"key":"oldPrice","value":"\n\t\t\t\t\t\n\t\t\t\t\t \n\t\t\t\t"},{"key":"pricePerUnit","value":"(3.61 €/kg)"},{"key":"productDetailsName","value":"NÖM fasten - Fruchtjoghurt Kirsche - 180 G"},{"key":"detailsDescription","value":"180 G"},{"key":"articleNumber","value":"Artikelnummer: 5018970"},{"key":"Lagerhinweis:","value":["gekühlt (3-9°C) lagern."]},{"key":"Zutaten:","value":["Zutaten: MAGERJOGHURT** mild 0,1% Fett mit Lactobacillus acidophilus und Bifidobacterium, 8,4% Sauerkirschen, Fruktosesirup, 3,5% Sauerkirschsaft aus Sauerkirschsaftkonzentrat, modifizierte Stärke, Stabilisatoren: Pektine, Guarkernmehl; färbendes Karottensaftkonzentrat, Säureregulator: Natriumcitrate, Süßungsmittel: Sucralose, Acesulfam K; Aroma. **aus gentechnikfreier Milch laut Definition des Österreichischen Lebensmittelcodex für gentechnikfreie Produktion; Kontrolle durch agroVet GmbH. In Großbuchstaben angegebene Zutaten enthalten allergene Inhaltstoffe."]},{"key":"Allergene:","value":["Enthält:Milch und daraus gewonnene Erzeugnisse (inkl. Laktose)"]},{"key":"Identitätskennzeichen:","value":["AT 30960 EG"]},{"key":"Kontakt:","value":["NÖM AG","Vöslauer Straße 109, 2500 Baden, Austria","www.noem.at","0800 800 500","www.noemfasten.at"]}],"nutritions":[{"key":"","value":"Unzubereitet"},{"key":" ","value":"100 g"},{"key":"Energie","value":"229 kJ | 54 kcal"},{"key":"Fett","value":"0,1 g"},{"key":"Fett, davon gesättigte Fettsäuren","value":"0,06 g"},{"key":"Kohlenhydrate","value":"8,4 g"},{"key":"Kohlenhydrate, davon Zucker","value":"7,9 g"},{"key":"Ballaststoffe","value":"0,2 g"},{"key":"Eiweiß","value":"4,2 g"},{"key":"Salz","value":"0,1 g"},{"key":" ","value":"Portion (180 g)"},{"key":"","value":"Unzubereitet"},{"key":"Energie","value":"412 kJ | 97 kcal | 5 %"},{"key":"Fett","value":"0,2 g | 1 %"},{"key":"Fett, davon gesättigte Fettsäuren","value":"0,1 g | 1 %"},{"key":"Kohlenhydrate","value":"15,1 g | 6 %"},{"key":"Kohlenhydrate, davon Zucker","value":"14,2 g | 16 %"},{"key":"Ballaststoffe","value":"0,4 g"},{"key":"Eiweiß","value":"7,6 g | 15 %"},{"key":"Salz","value":"0,18 g | 3 %"}],"tags":[]},
    {"url":"https://www.interspar.at/shop/lebensmittel/p/531542","data":[{"key":"price","value":"0,89 €"},{"key":"oldPrice","value":"\n\t\t\t\t\t\n\t\t\t\t\t \n\t\t\t\t"},{"key":"pricePerUnit","value":"(4.45 €/kg)"},{"key":"productDetailsName","value":"Müller - Milchreis Schoko - 200 G"},{"key":"detailsDescription","value":"200 G"},{"key":"articleNumber","value":"Artikelnummer: 531542"},{"key":"Lagerhinweis:","value":["Bei maximal bei +8 °C lagern."]},{"key":"Zutaten:","value":["Zutaten: VOLLMILCH, BUTTERMILCH, Wasser, Zucker, Reis, Schokoladenpulver* (Zucker, Kakao), Schokolade*, 0,4% Traubenzucker, VOLLEI, Speisesalz, Verdickungsmittel: Johannisbrotkernmehl, Guarkernmehl; Aroma. *Kakao- und Schokoladenerzeugnisse im Endprodukt: 2,3%. In Großbuchstaben angegebene Zutaten enthalten allergene Inhaltsstoffe."]},{"key":"Allergene:","value":["Enthält:Eier und daraus gewonnene Erzeugnisse, Milch und daraus gewonnene Erzeugnisse (inkl. Laktose)"]},{"key":"Identitätskennzeichen:","value":["DE BY 718 EG DE SN 016 EG"]},{"key":"Kontakt:","value":["Molkerei Alois Müller GmbH & Co. KG","Zollerstraße 7, 86850 Fischach-Aretsried, Deutschland"]}],"nutritions":[{"key":"","value":"Unzubereitet"},{"key":" ","value":"100 g"},{"key":"Energie","value":"462 kJ | 110 kcal"},{"key":"Fett","value":"2,5 g"},{"key":"Fett, davon gesättigte Fettsäuren","value":"1,7 g"},{"key":"Kohlenhydrate","value":"18,3 g"},{"key":"Kohlenhydrate, davon Zucker","value":"12,5 g"},{"key":"Eiweiß","value":"3,3 g"},{"key":"Salz","value":"0,28 g"},{"key":"Kalzium","value":"89 mg | 11 %"},{"key":"","value":"Unzubereitet"},{"key":" ","value":"Portion (200 g)"},{"key":"Energie","value":"924 kJ | 220 kcal"},{"key":"Fett","value":"5 g"},{"key":"Fett, davon gesättigte Fettsäuren","value":"3,4 g"},{"key":"Kohlenhydrate","value":"36,6 g"},{"key":"Kohlenhydrate, davon Zucker","value":"25 g"},{"key":"Eiweiß","value":"6,6 g"},{"key":"Salz","value":"0,56 g"},{"key":"Kalzium","value":"178 mg | 22 %"}],"tags":[]},
    {"url":"https://www.interspar.at/shop/lebensmittel/p/531559","data":[{"key":"price","value":"0,89 €"},{"key":"oldPrice","value":"\n\t\t\t\t\t\n\t\t\t\t\t \n\t\t\t\t"},{"key":"pricePerUnit","value":"(4.45 €/kg)"},{"key":"productDetailsName","value":"Müller - Milchreis Zimt - 200 G"},{"key":"detailsDescription","value":"200 G"},{"key":"articleNumber","value":"Artikelnummer: 531559"},{"key":"Lagerhinweis:","value":["Bei maximal +8 °C lagern."]},{"key":"Zutaten:","value":["Zutaten: VOLLMILCH, BUTTERMILCH, Wasser, Zucker, Reis, Zimt, 0,4% Traubenzucker, Karamellzuckersirup, VOLLEI, Speisesalz, Gewürz, Verdickungsmittel: Johannisbrotkernmehl, Guarkernmehl; Aroma. In Großbuchstaben angegebene Zutaten enthalten allergene Inhaltsstoffe."]},{"key":"Allergene:","value":["Enthält:Eier und daraus gewonnene Erzeugnisse, Milch und daraus gewonnene Erzeugnisse (inkl. Laktose)"]},{"key":"Identitätskennzeichen:","value":["DE BY 718 EG DE SN 016 EG"]},{"key":"Kontakt:","value":["Molkerei Alois Müller GmbH & Co. KG","Zollerstraße 7, 86850 Fischach-Aretsried, Deutschland"]}],"nutritions":[{"key":"","value":"Unzubereitet"},{"key":" ","value":"100 g"},{"key":"Energie","value":"459 kJ | 109 kcal"},{"key":"Fett","value":"2,4 g"},{"key":"Fett, davon gesättigte Fettsäuren","value":"1,5 g"},{"key":"Kohlenhydrate","value":"18,5 g"},{"key":"Kohlenhydrate, davon Zucker","value":"12,7 g"},{"key":"Eiweiß","value":"3,2 g"},{"key":"Salz","value":"0,3 g"},{"key":"Kalzium","value":"89 mg | 11 %"},{"key":"","value":"Unzubereitet"},{"key":" ","value":"Portion (200 g)"},{"key":"Energie","value":"918 kJ | 218 kcal"},{"key":"Fett","value":"4,8 g"},{"key":"Fett, davon gesättigte Fettsäuren","value":"3 g"},{"key":"Kohlenhydrate","value":"37 g"},{"key":"Kohlenhydrate, davon Zucker","value":"25,4 g"},{"key":"Eiweiß","value":"6,4 g"},{"key":"Salz","value":"0,6 g"},{"key":"Kalzium","value":"178 mg | 22 %"}],"tags":[]},
    {"url":"https://www.interspar.at/shop/lebensmittel/p/5545353","data":[{"key":"price","value":"0,75 €"},{"key":"oldPrice","value":"\n\t\t\t\t\t\n\t\t\t\t\t \n\t\t\t\t"},{"key":"pricePerUnit","value":"(3.75 €/kg)"},{"key":"productDetailsName","value":"Ehrmann Grand Dessert - Schoko - 200 G"},{"key":"detailsDescription","value":"200 G"},{"key":"articleNumber","value":"Artikelnummer: 5545353"},{"key":"Lagerhinweis:","value":["Bei max. +8°C lagern."]},{"key":"Zutaten:","value":["Zutaten: entrahmte MILCH, 20% SAHNE, MOLKENERZEUGNIS, Glukose-Fruktosesirup, Zucker, modifizierte Stärke, 1,2% fettarmer Kakao, 0,1% fettarmer Arriba-Kakao, Verdickungsmittel: Carrageen, Guarkernmehl; Speisegelatine, Emulgator E 472 b, Aroma, Stickstoff. In Großbuchstaben angegebene Zutaten enthalten allergene Inhaltsstoffe."]},{"key":"Allergene:","value":["Enthält:Milch und daraus gewonnene Erzeugnisse (inkl. Laktose)"]},{"key":"Identitätskennzeichen:","value":["SN 006"]},{"key":"Kontakt:","value":["Ehrmann AG","Hauptstraße 19, 87770 Oberschönegg, Deutschland"]}],"nutritions":[{"key":"","value":"Unzubereitet"},{"key":" ","value":"100 g"},{"key":"Energie","value":"518 kJ | 123 kcal"},{"key":"Fett","value":"4,9 g"},{"key":"Fett, davon gesättigte Fettsäuren","value":"3,2 g"},{"key":"Kohlenhydrate","value":"17 g"},{"key":"Kohlenhydrate, davon Zucker","value":"14 g"},{"key":"Eiweiß","value":"2,8 g"},{"key":"Salz","value":"0,15 g"}],"tags":[]},
    {"url":"https://www.interspar.at/shop/lebensmittel/p/5545407","data":[{"key":"price","value":"0,75 €"},{"key":"oldPrice","value":"\n\t\t\t\t\t\n\t\t\t\t\t \n\t\t\t\t"},{"key":"pricePerUnit","value":"(3.75 €/kg)"},{"key":"productDetailsName","value":"Ehrmann Grand Dessert - Vanille - 200 G"},{"key":"detailsDescription","value":"200 G"},{"key":"articleNumber","value":"Artikelnummer: 5545407"},{"key":"Lagerhinweis:","value":["Bei max. +8°C lagern."]},{"key":"Zutaten:","value":["Zutaten: entrahmte MILCH, 20% SAHNE, MOLKENERZEUGNIS, Glukose-Fruktosesirup, Zucker, modifizierte Stärke, Verdickungsmittel: Carrageen, Guarkernmehl; Speisegelatine, natürliches Bourbon-Vanille-Aroma, natürliches Aroma, Emulgator: E 472b, Salz, Farbstoff: Carotin, Stickstoff. In Großbuchstaben angegebene Zutaten enthalten allergene Inhaltsstoffe."]},{"key":"Allergene:","value":["Enthält:Milch und daraus gewonnene Erzeugnisse (inkl. Laktose)"]},{"key":"Identitätskennzeichen:","value":["SN 006"]},{"key":"Kontakt:","value":["Ehrmann AG","Hauptstraße 19, 87770 Oberschönegg, Deutschland"]}],"nutritions":[{"key":"","value":"Unzubereitet"},{"key":" ","value":"100 g"},{"key":"Energie","value":"488 kJ | 116 kcal"},{"key":"Fett","value":"4,7 g"},{"key":"Fett, davon gesättigte Fettsäuren","value":"3,1 g"},{"key":"Kohlenhydrate","value":"16 g"},{"key":"Kohlenhydrate, davon Zucker","value":"13 g"},{"key":"Eiweiß","value":"2,5 g"},{"key":"Salz","value":"0,2 g"}],"tags":[]},
    {"url":"https://www.interspar.at/shop/lebensmittel/p/5550180","data":[{"key":"price","value":"1,55 €"},{"key":"oldPrice","value":"\n\t\t\t\t\t\n\t\t\t\t\t \n\t\t\t\t"},{"key":"pricePerUnit","value":"(3.88 €/kg)"},{"key":"productDetailsName","value":"Bauer - Prinzessin Lillifee Drink Erdbeere 4x100g - 400 G"},{"key":"detailsDescription","value":"400 G"},{"key":"articleNumber","value":"Artikelnummer: 5550180"},{"key":"Lagerhinweis:","value":["Bei +8°C lagern."]},{"key":"Zutaten:","value":["Zutaten: Fettarmer JOGHURT, Erdbeerzubereitung (Erdbeeren, Zucker, modifizierte Stärke, natürliches Aroma, färbende Pflanzenkonzentrate: Karotte, Schwarze Johannisbeere; Zitronensaftkonzentrat), Wasser, Zucker. In Großbuchstaben angegebene Zutaten enthalten allergene Inhaltstoffe."]},{"key":"Allergene:","value":["Enthält:Milch und daraus gewonnene Erzeugnisse (inkl. Laktose)"]},{"key":"Zubereitung:","value":["VerzehrfertigDirektverzehr"]},{"key":"Identitätskennzeichen:","value":["DE BY 13112 EG"]},{"key":"Kontakt:","value":["Privatmolkerei Bauer GmbH & Co. KG","Molkerei-Bauer-Straße 1 - 10, 83512 Wasserburg am Inn, Deutschland"]}],"nutritions":[{"key":"","value":"Unzubereitet"},{"key":" ","value":"100 g"},{"key":"Energie","value":"328 kJ | 77 kcal"},{"key":"Fett","value":"1,6 g"},{"key":"Fett, davon gesättigte Fettsäuren","value":"1 g"},{"key":"Kohlenhydrate","value":"13,2 g"},{"key":"Kohlenhydrate, davon Zucker","value":"13,2 g"},{"key":"Eiweiß","value":"2,6 g"},{"key":"Salz","value":"0,06 g"}],"tags":[]},
    {"url":"https://www.interspar.at/shop/lebensmittel/p/5981878","data":[{"key":"price","value":"0,75 €"},{"key":"oldPrice","value":"\n\t\t\t\t\t\n\t\t\t\t\t \n\t\t\t\t"},{"key":"pricePerUnit","value":"(3.75 €/kg)"},{"key":"productDetailsName","value":"Ehrmann Grand Dessert - Double Choc - 200 G"},{"key":"detailsDescription","value":"200 G"},{"key":"articleNumber","value":"Artikelnummer: 5981878"},{"key":"Lagerhinweis:","value":["Bei max. +8°C lagern."]},{"key":"Zutaten:","value":["Zutaten: entrahmte MILCH, 20% SAHNE, MOLKENERZEUGNIS, Glukose-Fruktose-Sirup, Zucker, modifizierte Stärke, 1,9% fettrarmer Kakao, 0,1% fettarmer Arriba-Kakao, Verdickungsmittel: Carrageen, Guarkernmehl; Speisegelatine, Emulgator E 472 b, Aroma, Stickstoff. In Großbuchstaben angegebene Zutaten enthalten allergene Inhaltsstoffe."]},{"key":"Allergene:","value":["Enthält:Milch und daraus gewonnene Erzeugnisse (inkl. Laktose)"]},{"key":"Identitätskennzeichen:","value":["BY 77717"]},{"key":"Kontakt:","value":["Ehrmann AG","Hauptstraße 19, 87770 Oberschönegg, Deutschland"]}],"nutritions":[{"key":"","value":"Unzubereitet"},{"key":" ","value":"100 g"},{"key":"Energie","value":"524 kJ | 125 kcal"},{"key":"Fett","value":"4,6 g"},{"key":"Fett, davon gesättigte Fettsäuren","value":"3 g"},{"key":"Kohlenhydrate","value":"18 g"},{"key":"Kohlenhydrate, davon Zucker","value":"15 g"},{"key":"Eiweiß","value":"2,8 g"},{"key":"Salz","value":"0,15 g"}],"tags":[]},
    {"url":"https://www.interspar.at/shop/lebensmittel/p/6241803","data":[{"key":"price","value":"1,49 €"},{"key":"oldPrice","value":"\n\t\t\t\t\t\n\t\t\t\t\t \n\t\t\t\t"},{"key":"pricePerUnit","value":"(2.98 €/l)"},{"key":"productDetailsName","value":"Die Käsemacher - Frische Schafmilch - 0,5 L"},{"key":"detailsDescription","value":"0,5 L"},{"key":"articleNumber","value":"Artikelnummer: 6241803"},{"key":"Lagerhinweis:","value":["Bei +2°C bis +6°C lagern. Nach dem Öffnen innerhalb von 3 Tagen aufbrauchen."]},{"key":"Zutaten:","value":["Zutaten: 100% pasteurisierte SCHAFMILCH. In Großbuchstaben angegebene Zutaten enthalten allergene Inhaltsstoffe."]},{"key":"Allergene:","value":["Enthält:Milch und daraus gewonnene Erzeugnisse (inkl. Laktose)"]},{"key":"Identitätskennzeichen:","value":["AT 30209 EG"]},{"key":"Verbrauchen nach dem Öffnen:","value":["3 Tage"]},{"key":"Kontakt:","value":["Die Käsemacher","Europastraße 5, 3902 Vitis, Österreich"]}],"nutritions":[{"key":"","value":"Unzubereitet"},{"key":" ","value":"100 g"},{"key":"Energie","value":"403 kJ | 97 kcal"},{"key":"Fett","value":"6,3 g"},{"key":"Fett, davon gesättigte Fettsäuren","value":"3,8 g"},{"key":"Kohlenhydrate","value":"4,7 g"},{"key":"Kohlenhydrate, davon Zucker","value":"4,7 g"},{"key":"Eiweiß","value":"5,2 g"},{"key":"Salz","value":"0,13 g"}],"tags":[]},
    {"url":"https://www.interspar.at/shop/lebensmittel/p/6343354","data":[{"key":"price","value":"2,29 €"},{"key":"oldPrice","value":"\n\t\t\t\t\t\n\t\t\t\t\t \n\t\t\t\t"},{"key":"pricePerUnit","value":"(11.45 €/kg)"},{"key":"productDetailsName","value":"Schärdinger - Primina Halbfettbutter - 200 G"},{"key":"detailsDescription","value":"200 G"},{"key":"articleNumber","value":"Artikelnummer: 6343354"},{"key":"Lagerhinweis:","value":["Vor und nach dem Öffnen gekühlt (3-6°C) lagern. Nach dem Öffnen innerhalb weniger Tage verbrauchen."]},{"key":"Zutaten:","value":["Zutaten: TEEBUTTER (49%), Wasser, JOGHURT (10%), Inulin, modifizierte Stärke, Verdickungsmittel Natriumalginat, Säureregulatoren Natriumlactat, Citronensäure, Konservierungsstoff Kaliumsorbat, Farbstoff Beta-Carotin. In Großbuchstaben angegebene Zutaten enthalten allergene Inhaltstoffe."]},{"key":"Allergene:","value":["Enthält:Milch und daraus gewonnene Erzeugnisse (inkl. Laktose)"]},{"key":"Identitätskennzeichen:","value":["AT30751EG"]},{"key":"Kontakt:","value":["Berglandmilch reg.Gen.mbH","Schubertstraße 30, 4600 Wels, Österreich"]}],"nutritions":[{"key":"","value":"Unzubereitet"},{"key":" ","value":"100 g"},{"key":"Energie","value":"1589 kJ | 386 kcal"},{"key":"Fett","value":"40 g"},{"key":"Fett, davon gesättigte Fettsäuren","value":"26 g"},{"key":"Kohlenhydrate","value":"3,9 g"},{"key":"Kohlenhydrate, davon Zucker","value":"1 g"},{"key":"Ballaststoffe","value":"3,9 g"},{"key":"Eiweiß","value":"0,7 g"},{"key":"Salz","value":"0,55 g"}],"tags":[]},
    {"url":"https://www.interspar.at/shop/lebensmittel/p/6427009","data":[{"key":"price","value":"1,59 €"},{"key":"oldPrice","value":"\n\t\t\t\t\t\n\t\t\t\t\t \n\t\t\t\t"},{"key":"pricePerUnit","value":"(3.84 €/kg)"},{"key":"productDetailsName","value":"Müller - Milchreis Zucker-Zimt 2 x 207g - 414 G"},{"key":"detailsDescription","value":"414 G"},{"key":"articleNumber","value":"Artikelnummer: 6427009"},{"key":"Lagerhinweis:","value":["Bei maximal + 8°C lagern."]},{"key":"Zutaten:","value":["Zutaten: VOLLMILCH, BUTTERMILCH, Zucker, Reis, Wasser, Zimt, Traubenzucker, Karamellzuckersirup, VOLLEI, Speisesalz, Verdickungsmittel Johannisbrotkernmehl, Guarkernmehl; Überzugsmittel Bienenwachs, weiß und gelb; Aroma. In Großbuchstaben angegebene Zutaten enthalten allergene Inhaltsstoffe."]},{"key":"Allergene:","value":["Enthält:Eier und daraus gewonnene Erzeugnisse, Milch und daraus gewonnene Erzeugnisse (inkl. Laktose)"]},{"key":"Identitätskennzeichen:","value":["DE BY 718 EG DE SN 016 EG"]},{"key":"Kontakt:","value":["Molkerei Alois Müller GmbH & Co. KG","Zollerstraße 7, 86850 Fischach-Aretsried, Deutschland"]}],"nutritions":[{"key":"","value":"Unzubereitet"},{"key":" ","value":"100 g"},{"key":"Energie","value":"469 kJ | 111 kcal"},{"key":"Fett","value":"2,5 g"},{"key":"Fett, davon gesättigte Fettsäuren","value":"1,6 g"},{"key":"Kohlenhydrate","value":"18,7 g"},{"key":"Kohlenhydrate, davon Zucker","value":"12,7 g"},{"key":"Eiweiß","value":"3,4 g"},{"key":"Salz","value":"0,25 g"},{"key":"Kalzium","value":"92 mg | 12 %"},{"key":"","value":"Unzubereitet"},{"key":" ","value":"Portion (207 g)"},{"key":"Energie","value":"971 kJ | 230 kcal"},{"key":"Fett","value":"5,2 g"},{"key":"Fett, davon gesättigte Fettsäuren","value":"3,3 g"},{"key":"Kohlenhydrate","value":"38,7 g"},{"key":"Kohlenhydrate, davon Zucker","value":"26,3 g"},{"key":"Eiweiß","value":"7 g"},{"key":"Salz","value":"0,52 g"},{"key":"Kalzium","value":"190 mg | 24 %"}],"tags":[]},
    {"url":"https://www.interspar.at/shop/lebensmittel/p/6885250","data":[{"key":"price","value":"0,75 €"},{"key":"oldPrice","value":"\n\t\t\t\t\t\n\t\t\t\t\t \n\t\t\t\t"},{"key":"pricePerUnit","value":"(3.75 €/kg)"},{"key":"productDetailsName","value":"Ehrmann Grand Dessert - Double Coffee - 200 G"},{"key":"detailsDescription","value":"200 G"},{"key":"articleNumber","value":"Artikelnummer: 6885250"},{"key":"Lagerhinweis:","value":["Bei max. +8°C lagern."]},{"key":"Zutaten:","value":["Zutaten: entrahmte MILCH, 20% SAHNE, MOLKENERZEUGNIS, Glukose-Fruktosesirup, Zucker, modifizierte Stärke, 0,3% Arabica-Kaffee-Extrakt, Karamellzuckersirup, Karamell (Glukosesirup, Zucker, BUTTER, Wasser, SAHNE, Salz), Kakaopulver, Verdickungsmittel: Carrageen, Guarkernmehl; Speisegelatine, Aroma, Farbstoffe: E150 a, E150 c; Emulgator E472 b, Salz, Stickstoff. In Großbuchstaben angegebene Zutaten enthalten allergene Inhaltsstoffe."]},{"key":"Allergene:","value":["Enthält:Milch und daraus gewonnene Erzeugnisse (inkl. Laktose)"]},{"key":"Identitätskennzeichen:","value":["SN 006"]},{"key":"Kontakt:","value":["Ehrmann AG","Hauptstraße 19, 87770 Oberschönegg, Deutschland"]}],"nutritions":[{"key":"","value":"Unzubereitet"},{"key":" ","value":"100 g"},{"key":"Energie","value":"512 kJ | 122 kcal"},{"key":"Fett","value":"4,6 g"},{"key":"Fett, davon gesättigte Fettsäuren","value":"3 g"},{"key":"Kohlenhydrate","value":"17,5 g"},{"key":"Kohlenhydrate, davon Zucker","value":"14,5 g"},{"key":"Eiweiß","value":"2,6 g"},{"key":"Salz","value":"0,2 g"}],"tags":[]},
    {"url":"https://www.interspar.at/shop/lebensmittel/p/7079603","data":[{"key":"price","value":"0,85 €"},{"key":"oldPrice","value":"\n\t\t\t\t\t\n\t\t\t\t\t \n\t\t\t\t"},{"key":"pricePerUnit","value":"(3.40 €/kg)"},{"key":"productDetailsName","value":"SPAR free from - Sauerrahm 15% Fett - 250 G"},{"key":"detailsDescription","value":"250 G"},{"key":"articleNumber","value":"Artikelnummer: 7079603"},{"key":"Lagerhinweis:","value":["Vor und nach dem Öffnen gekühlt lagern. Nach dem Öffnen innerhalb von 3 Tagen verbrauchen."]},{"key":"Zutaten:","value":["Zutaten: SAUERRAHM. In Großbuchstaben angegebene Zutaten enthalten allergene Inhaltsstoffe."]},{"key":"Allergene:","value":["Enthält:Milch und daraus gewonnene Erzeugnisse (inkl. Laktose)"]},{"key":"","value":["Laktosefrei"]},{"key":"Identitätskennzeichen:","value":["AT 20130 EG"]},{"key":"Ursprungsland/Herkunftsort:","value":["Qualität aus Österreich"]},{"key":"Verbrauchen nach dem Öffnen:","value":["3 Tage"]},{"key":"Kontakt:","value":["SPAR Österr. Warenshandels-AG","Europastraße 3, 5015 Salzburg, Österreich"]}],"nutritions":[{"key":"","value":"Unzubereitet"},{"key":" ","value":"100 g"},{"key":"Energie","value":"670 kJ | 162 kcal"},{"key":"Fett","value":"15 g"},{"key":"Fett, davon gesättigte Fettsäuren","value":"11 g"},{"key":"Kohlenhydrate","value":"3,2 g"},{"key":"Kohlenhydrate, davon Zucker","value":"3,2 g"},{"key":"Ballaststoffe","value":"0 g"},{"key":"Eiweiß","value":"3 g"},{"key":"Salz","value":"0,13 g"},{"key":"Broteinheiten","value":"0,3 BE"},{"key":"Laktose","value":"< 0,01 g"}],"tags":["Lactosefrei"]},
    {"url":"https://www.interspar.at/shop/lebensmittel/p/7483707","data":[{"key":"price","value":"0,89 €"},{"key":"oldPrice","value":"\n\t\t\t\t\t\n\t\t\t\t\t \n\t\t\t\t"},{"key":"pricePerUnit","value":"(4.45 €/kg)"},{"key":"productDetailsName","value":"Müller - Milchreis Kirsche - 200 G"},{"key":"detailsDescription","value":"200 G"},{"key":"articleNumber","value":"Artikelnummer: 7483707"},{"key":"Lagerhinweis:","value":["Bei maximal +8 °C lagern."]},{"key":"Zutaten:","value":["Zutaten: VOLLMILCH, BUTTERMILCH, Wasser, Zucker, Kirsche*, Reis, 0,4% Traubenzucker, VOLLEI, Speisesalz, Verdickungsmittel: Johannisbrotkernmehl, Guarkernmehl; Aroma, Farbstoffe: Echtes Karmin. *Fruchtgehalt im Endprodukt: 6,7 %. In Großbuchstaben angegebene Zutaten enthalten allergene Inhaltstoffe."]},{"key":"Allergene:","value":["Enthält:Eier und daraus gewonnene Erzeugnisse, Milch und daraus gewonnene Erzeugnisse (inkl. Laktose)"]},{"key":"Identitätskennzeichen:","value":["DE BY 718 EG"]},{"key":"Kontakt:","value":["Molkerei Alois Müller GmbH & Co. KG","Zollerstraße 7, 86850 Fischach-Aretsried, Deutschland"]}],"nutritions":[{"key":"","value":"Unzubereitet"},{"key":" ","value":"100 g"},{"key":"Energie","value":"455 kJ | 108 kcal"},{"key":"Fett","value":"2,2 g"},{"key":"Fett, davon gesättigte Fettsäuren","value":"1,4 g"},{"key":"Kohlenhydrate","value":"18,8 g"},{"key":"Kohlenhydrate, davon Zucker","value":"13,1 g"},{"key":"Eiweiß","value":"3 g"},{"key":"Salz","value":"0,23 g"},{"key":"Kalzium","value":"85 mg | 10 %"},{"key":"","value":"Unzubereitet"},{"key":" ","value":"Portion (200 g)"},{"key":"Energie","value":"910 kJ | 216 kcal"},{"key":"Fett","value":"4,4 g"},{"key":"Fett, davon gesättigte Fettsäuren","value":"2,8 g"},{"key":"Kohlenhydrate","value":"37,6 g"},{"key":"Kohlenhydrate, davon Zucker","value":"26,2 g"},{"key":"Eiweiß","value":"6 g"},{"key":"Salz","value":"0,46 g"},{"key":"Kalzium","value":"170 mg | 21 %"}],"tags":[]},
    {"url":"https://www.interspar.at/shop/lebensmittel/p/7766435","data":[{"key":"price","value":"2,19 €"},{"key":"oldPrice","value":"\n\t\t\t\t\t\n\t\t\t\t\t \n\t\t\t\t"},{"key":"pricePerUnit","value":"(10.95 €/kg)"},{"key":"productDetailsName","value":"NÖM fasten - Halbfett Butter - 200 G"},{"key":"detailsDescription","value":"200 G"},{"key":"articleNumber","value":"Artikelnummer: 7766435"},{"key":"Lagerhinweis:","value":["Vor und nach dem Öffnen gekühlt (+ 3-9 °C) lagern."]},{"key":"Zutaten:","value":["Zutaten: TEEBUTTER aus pasteurisiertem Rahm (49%), Wasser, MILCHEIWEIß, modifizierte Stärke, Stabilisatoren: Guarkernmehl, Johannisbrotkernmehl, Carrageen; Speisesalz, Säureregulator: Milchsäure, Farbstoff: Beta-Carotin; Konservierungsstoff: Sorbinsäure; Aroma. In Großbuchstaben angegebene Zutaten enthalten allergene Inhaltsstoffe."]},{"key":"Allergene:","value":["Enthält:Milch und daraus gewonnene Erzeugnisse (inkl. Laktose)"]},{"key":"Identitätskennzeichen:","value":["AT 31057 EG"]},{"key":"Kontakt:","value":["NÖM AG","Vöslauer Straße 109, 2500 Baden, Österreich","0800 800 500"]}],"nutritions":[{"key":"","value":"Unzubereitet"},{"key":" ","value":"100 g"},{"key":"Energie","value":"1593 kJ | 387 kcal | 19 %"},{"key":"Fett","value":"40,1 g | 57 %"},{"key":"Fett, davon gesättigte Fettsäuren","value":"24,1 g | 121 %"},{"key":"Kohlenhydrate","value":"2,7 g | 1 %"},{"key":"Kohlenhydrate, davon Zucker","value":"1 g | 1 %"},{"key":"Eiweiß","value":"3,7 g | 7 %"},{"key":"Salz","value":"0,25 g | 4 %"}],"tags":[]},
    {"url":"https://www.interspar.at/shop/lebensmittel/p/8100108","data":[{"key":"price","value":"1,99 €"},{"key":"oldPrice","value":"\n\t\t\t\t\t\n\t\t\t\t\t \n\t\t\t\t"},{"key":"pricePerUnit","value":"(3.98 €/kg)"},{"key":"productDetailsName","value":"Dr. Oetker Paula - Grießpudding mit Schoko-Flecken - 500 G"},{"key":"detailsDescription","value":"500 G"},{"key":"articleNumber","value":"Artikelnummer: 8100108"},{"key":"Lagerhinweis:","value":["bei max. +8°C lagern"]},{"key":"Zutaten:","value":["Zutaten: 85% VOLLMILCH, Zucker, 3,7% HARTWEIZENGRIESS, modifizierte Stärke, 0,5% fettarmer Kakao, 0,4% VOLLMILCHSCHOKOLADE (Zucker, Kakaobutter, VOLLMILCHPULVER, Kakaomasse, MAGERMILCHPULVER, Emulgator: Lecithine (SOJA), Vanillin), MAGERMILCHPULVER, Karamellzuckersirup, Stärke, Verdickungsmittel: Carrageen, Xanthan; Salz, Aroma (enthält MILCHBESTANDTEILE), Farbstoff: Carotin. In Großbuchstaben angegebene Zutaten enthalten allergene Inhaltstoffe."]},{"key":"Allergene:","value":["Enthält:Glutenhaltiges Getreide und daraus hergestellte Erzeugnisse, Milch und daraus gewonnene Erzeugnisse (inkl. Laktose), Sojabohnen und daraus gewonnene Erzeugnisse"]},{"key":"Identitätskennzeichen:","value":["DE NW 303 EG"]},{"key":"Kontakt:","value":["Dr. Oetker GmbH","Ringmauergasse 9/1, 9500 Villach, Österreich"]}],"nutritions":[{"key":"","value":"Unzubereitet"},{"key":" ","value":"100 g"},{"key":"Energie","value":"486 kJ | 116 kcal"},{"key":"Fett","value":"4,1 g"},{"key":"Fett, davon gesättigte Fettsäuren","value":"2,6 g"},{"key":"Kohlenhydrate","value":"16 g"},{"key":"Kohlenhydrate, davon Zucker","value":"12 g"},{"key":"Eiweiß","value":"3,5 g"},{"key":"Salz","value":"0,19 g"}],"tags":[]},
    {"url":"https://www.interspar.at/shop/lebensmittel/p/908351","data":[{"key":"price","value":"0,89 €"},{"key":"oldPrice","value":"\n\t\t\t\t\t\n\t\t\t\t\t \n\t\t\t\t"},{"key":"pricePerUnit","value":"(4.45 €/kg)"},{"key":"productDetailsName","value":"Müller - Milchreis Vanilla - 200 G"},{"key":"detailsDescription","value":"200 G"},{"key":"articleNumber","value":"Artikelnummer: 908351"},{"key":"Lagerhinweis:","value":["Bei maximal +8 °C lagern."]},{"key":"Zutaten:","value":["Zutaten: VOLLMILCH, BUTTERMILCH, Wasser, Zucker, Reis, 0,4% Traubenzucker, Vanillesamen, VOLLEI, Speisesalz, Verdickungsmittel: Johannisbrotkernmehl, Guarkernmehl; Farbstoffe: Carotin; Aroma. In Großbuchstaben angegebene Zutaten enthalten allergene Inhaltstoffe."]},{"key":"Allergene:","value":["Enthält:Eier und daraus gewonnene Erzeugnisse, Milch und daraus gewonnene Erzeugnisse (inkl. Laktose)"]},{"key":"Identitätskennzeichen:","value":["DE BY 718 EG DE SN 016 EG"]},{"key":"Kontakt:","value":["Molkerei Alois Müller GmbH & Co. KG","Zollerstraße 7, 86850 Fischach-Aretsried, Deutschland"]}],"nutritions":[{"key":"","value":"Unzubereitet"},{"key":" ","value":"100 g"},{"key":"Energie","value":"435 kJ | 103 kcal"},{"key":"Fett","value":"2,5 g"},{"key":"Fett, davon gesättigte Fettsäuren","value":"1,6 g"},{"key":"Kohlenhydrate","value":"16,8 g"},{"key":"Kohlenhydrate, davon Zucker","value":"11 g"},{"key":"Eiweiß","value":"3,3 g"},{"key":"Salz","value":"0,26 g"},{"key":"Kalzium","value":"93 mg | 11 %"},{"key":"","value":"Unzubereitet"},{"key":" ","value":"Portion (200 g)"},{"key":"Energie","value":"870 kJ | 206 kcal"},{"key":"Fett","value":"5 g"},{"key":"Fett, davon gesättigte Fettsäuren","value":"3,2 g"},{"key":"Kohlenhydrate","value":"33,6 g"},{"key":"Kohlenhydrate, davon Zucker","value":"22 g"},{"key":"Eiweiß","value":"6,6 g"},{"key":"Salz","value":"0,53 g"},{"key":"Kalzium","value":"186 mg | 23 %"}],"tags":[]},
    {"url":"https://www.interspar.at/shop/lebensmittel/p/2729527","data":[{"key":"price","value":"0,89 €"},{"key":"oldPrice","value":"\n\t\t\t\t\t\n\t\t\t\t\t \n\t\t\t\t"},{"key":"pricePerUnit","value":"(3.56 €/kg)"},{"key":"productDetailsName","value":"NÖM - Sauerrahm 15 % Fett - 250 G"},{"key":"detailsDescription","value":"250 G"},{"key":"articleNumber","value":"Artikelnummer: 2729527"},{"key":"Lagerhinweis:","value":["Gekühlt (+ 3-9 °C) lagern und nach dem Öffnen innerhalb von 2-3 Tagen verbrauchen."]},{"key":"Zutaten:","value":["Zutaten: SAUERRAHM mit 15% Fett. In Großbuchstaben angegebene Zutaten enthalten allergene Inhaltsstoffe."]},{"key":"Allergene:","value":["Enthält:Milch und daraus gewonnene Erzeugnisse (inkl. Laktose)"]},{"key":"Identitätskennzeichen:","value":["AT 30960 EG"]},{"key":"Verbrauchen nach dem Öffnen:","value":["2 Tage"]},{"key":"Kontakt:","value":["NÖM AG","Vöslauer Straße 109, 2500 Baden, Österreich","0800 800 500"]}],"nutritions":[{"key":"","value":"Unzubereitet"},{"key":" ","value":"100 g"},{"key":"Energie","value":"675 kJ | 163 kcal"},{"key":"Fett","value":"15 g"},{"key":"Fett, davon gesättigte Fettsäuren","value":"9 g"},{"key":"Kohlenhydrate","value":"3,4 g"},{"key":"Kohlenhydrate, davon Zucker","value":"3,4 g"},{"key":"Eiweiß","value":"3 g"},{"key":"Salz","value":"0,1 g"}],"tags":[]},
    {"url":"https://www.interspar.at/shop/lebensmittel/p/2905303","data":[{"key":"price","value":"0,79 €"},{"key":"oldPrice","value":"\n\t\t\t\t\t\n\t\t\t\t\t \n\t\t\t\t"},{"key":"pricePerUnit","value":"(5.27 €/kg)"},{"key":"productDetailsName","value":"Landliebe - Milchreis Schokolade - 150 G"},{"key":"detailsDescription","value":"150 G"},{"key":"articleNumber","value":"Artikelnummer: 2905303"},{"key":"Lagerhinweis:","value":["Bei +8°C lagern."]},{"key":"Zutaten:","value":["Zutaten: VOLLMILCH, 9% Rundkornreis, SAHNE, Wasser, Zucker, 1,3% Schokolade, VOLLMILCHPULVER, modifizierte Stärke, Reisstärke, natürliches Vanillearoma (enthält MILCH), Speisesalz. In Großbuchstaben angegebene Zutaten enthalten allergene Inhaltstoffe."]},{"key":"Allergene:","value":["Enthält:Milch und daraus gewonnene Erzeugnisse (inkl. Laktose)"]},{"key":"Identitätskennzeichen:","value":["DE BW 033 EG"]},{"key":"Kontakt:","value":["Landliebe Molkereiprodukte GmbH","Wimpfener Straße 125, 74078 Heilbronn, Deutschland"]}],"nutritions":[{"key":"","value":"Unzubereitet"},{"key":" ","value":"100 g"},{"key":"Energie","value":"600 kJ | 143 kcal"},{"key":"Fett","value":"5,4 g"},{"key":"Fett, davon gesättigte Fettsäuren","value":"3,7 g"},{"key":"Kohlenhydrate","value":"20 g"},{"key":"Kohlenhydrate, davon Zucker","value":"12 g"},{"key":"Eiweiß","value":"3,4 g"},{"key":"Salz","value":"0,2 g"}],"tags":[]},
    {"url":"https://www.interspar.at/shop/lebensmittel/p/2905839","data":[{"key":"price","value":"0,79 €"},{"key":"oldPrice","value":"\n\t\t\t\t\t\n\t\t\t\t\t \n\t\t\t\t"},{"key":"pricePerUnit","value":"(5.27 €/kg)"},{"key":"productDetailsName","value":"Landliebe - Milchreis Zimt - 150 G"},{"key":"detailsDescription","value":"150 G"},{"key":"articleNumber","value":"Artikelnummer: 2905839"},{"key":"Lagerhinweis:","value":["Bei +8°C lagern."]},{"key":"Zutaten:","value":["Zutaten: VOLLMILCH, 10% Rundkornreis, SAHNE, Wasser, Zucker, modifizierte Särke, Reisstärke, Zimt, natürliches Vanillearoma (enthält MILCH). In Großbuchstaben angegebene Zutaten enthalten allergene Inhaltstoffe."]},{"key":"Allergene:","value":["Enthält:Milch und daraus gewonnene Erzeugnisse (inkl. Laktose)"]},{"key":"Identitätskennzeichen:","value":["DE BW 033 EG"]},{"key":"Kontakt:","value":["Landliebe Molkereiprodukte GmbH","Wimpfener Straße 125, 74078 Heilbronn, Deutschland"]}],"nutritions":[{"key":"","value":"Unzubereitet"},{"key":" ","value":"100 g"},{"key":"Energie","value":"565 kJ | 135 kcal"},{"key":"Fett","value":"5,1 g"},{"key":"Fett, davon gesättigte Fettsäuren","value":"3,5 g"},{"key":"Kohlenhydrate","value":"19 g"},{"key":"Kohlenhydrate, davon Zucker","value":"11 g"},{"key":"Eiweiß","value":"3,1 g"},{"key":"Salz","value":"0,1 g"}],"tags":[]},
    {"url":"https://www.interspar.at/shop/lebensmittel/p/2905860","data":[{"key":"price","value":"0,79 €"},{"key":"oldPrice","value":"\n\t\t\t\t\t\n\t\t\t\t\t \n\t\t\t\t"},{"key":"pricePerUnit","value":"(5.27 €/kg)"},{"key":"productDetailsName","value":"Landliebe - Milchreis Apfel - 150 G"},{"key":"detailsDescription","value":"150 G"},{"key":"articleNumber","value":"Artikelnummer: 2905860"},{"key":"Lagerhinweis:","value":["Bei +8°C lagern."]},{"key":"Zutaten:","value":["Zutaten: VOLLMILCH, 9% Rundkornreis, Zucker, 9% Äpfel, SAHNE, Reisstärke, modifizierte Stärke, natürliches Aroma, natürliches Vanillearoma (enthält MILCH), Zitronensaftkonzentrat, Karamellzuckersirup. In Großbuchstaben angegebene Zutaten enthalten allergene Inhaltstoffe."]},{"key":"Allergene:","value":["Enthält:Milch und daraus gewonnene Erzeugnisse (inkl. Laktose)"]},{"key":"Identitätskennzeichen:","value":["DE BW 033 EG"]},{"key":"Kontakt:","value":["Landliebe Molkereiprodukte GmbH","Wimpfener Straße 125, 74078 Heilbronn, Deutschland"]}],"nutritions":[{"key":"","value":"Unzubereitet"},{"key":" ","value":"100 g"},{"key":"Energie","value":"592 kJ | 141 kcal"},{"key":"Fett","value":"4,9 g"},{"key":"Fett, davon gesättigte Fettsäuren","value":"3,4 g"},{"key":"Kohlenhydrate","value":"21 g"},{"key":"Kohlenhydrate, davon Zucker","value":"13 g"},{"key":"Eiweiß","value":"3 g"},{"key":"Salz","value":"0,12 g"}],"tags":[]},
    {"url":"https://www.interspar.at/shop/lebensmittel/p/3898192","data":[{"key":"price","value":"0,79 €"},{"key":"oldPrice","value":"\n\t\t\t\t\t\n\t\t\t\t\t \n\t\t\t\t"},{"key":"pricePerUnit","value":"(5.27 €/kg)"},{"key":"productDetailsName","value":"Landliebe - Milchreis Aprikose - 150 G"},{"key":"detailsDescription","value":"150 G"},{"key":"articleNumber","value":"Artikelnummer: 3898192"},{"key":"Lagerhinweis:","value":["Bei +8°C lagern."]},{"key":"Zutaten:","value":["Zutaten: VOLLMILCH, 9,5% Rundkornreis, SAHNE, Zucker, 8% Aprikosen, Reisstärke, modifizierte Stärke, natürliches Vanillearoma (enthält MILCH), natürliches Aroma, Zitronensaftkonzentrat, färbendes Pflanzenkonzentrat (Karotte). In Großbuchstaben angegebene Zutaten enthalten allergene Inhaltstoffe."]},{"key":"Allergene:","value":["Enthält:Milch und daraus gewonnene Erzeugnisse (inkl. Laktose)"]},{"key":"Identitätskennzeichen:","value":["DE BW 033 EG"]},{"key":"Kontakt:","value":["Landliebe Molkereiprodukte GmbH","Wimpfener Straße 125, 74078 Heilbronn, Deutschland"]}],"nutritions":[{"key":"","value":"Unzubereitet"},{"key":" ","value":"100 g"},{"key":"Energie","value":"579 kJ | 138 kcal"},{"key":"Fett","value":"5 g"},{"key":"Fett, davon gesättigte Fettsäuren","value":"3,4 g"},{"key":"Kohlenhydrate","value":"20 g"},{"key":"Kohlenhydrate, davon Zucker","value":"12 g"},{"key":"Eiweiß","value":"3,1 g"},{"key":"Salz","value":"0,12 g"}],"tags":[]},
    {"url":"https://www.interspar.at/shop/lebensmittel/p/4860433","data":[{"key":"price","value":"1,29 €"},{"key":"oldPrice","value":"\n\t\t\t\t\t\n\t\t\t\t\t \n\t\t\t\t"},{"key":"pricePerUnit","value":"(2.58 €/l)"},{"key":"productDetailsName","value":"Die Käsemacher - Frische Ziegenmilch - 0,5 L"},{"key":"detailsDescription","value":"0,5 L"},{"key":"articleNumber","value":"Artikelnummer: 4860433"},{"key":"Lagerhinweis:","value":["Gekühlt lagern (+2°C bis +6°C) und nach dem Öffnen innerhalb von 3 Tagen verbrauchen."]},{"key":"Zutaten:","value":["Zutaten: pasteurisierte ZIEGENMILCH. In Großbuchstaben angegebene Zutaten enthalten allergene Inhaltsstoffe."]},{"key":"Allergene:","value":["Enthält:Milch und daraus gewonnene Erzeugnisse (inkl. Laktose)"]},{"key":"Identitätskennzeichen:","value":["AT 30209 EG"]},{"key":"Verbrauchen nach dem Öffnen:","value":["3 Tage"]},{"key":"Kontakt:","value":["Die Käsemacher","Europastraße 5, 3902 Vitis, Österreich"]}],"nutritions":[{"key":"","value":"Unzubereitet"},{"key":" ","value":"100 g"},{"key":"Energie","value":"281 kJ | 67 kcal"},{"key":"Fett","value":"3,9 g"},{"key":"Fett, davon gesättigte Fettsäuren","value":"2,6 g"},{"key":"Kohlenhydrate","value":"4,2 g"},{"key":"Kohlenhydrate, davon Zucker","value":"4,2 g"},{"key":"Eiweiß","value":"3,6 g"},{"key":"Salz","value":"0,11 g"}],"tags":[]},
    {"url":"https://www.interspar.at/shop/lebensmittel/p/4949893","data":[{"key":"price","value":"1,15 €"},{"key":"oldPrice","value":"\n\t\t\t\t\t\n\t\t\t\t\t \n\t\t\t\t"},{"key":"pricePerUnit","value":"(1.15 €/l)"},{"key":"productDetailsName","value":"NÖM - Vollmilch 3,5% Fett - 1 L"},{"key":"detailsDescription","value":"1 L"},{"key":"articleNumber","value":"Artikelnummer: 4949893"},{"key":"Lagerhinweis:","value":["Gekühlt lagern (+6°C) und nach dem Öffnen innerhalb von 1-2 Tagen verbrauchen."]},{"key":"Zutaten:","value":["Zutaten: MILCH 3,5%. In Großbuchstaben angegebene Zutaten enthalten allergene Inhaltsstoffe."]},{"key":"Allergene:","value":["Enthält:Milch und daraus gewonnene Erzeugnisse (inkl. Laktose)"]},{"key":"Identitätskennzeichen:","value":["AT 30960 EG"]},{"key":"Verbrauchen nach dem Öffnen:","value":["1 Tage"]},{"key":"Kontakt:","value":["NÖM AG","Vöslauer Straße 109, 2500 Baden, Österreich","0800 800 500"]}],"nutritions":[{"key":"","value":"Unzubereitet"},{"key":" ","value":"100 ml"},{"key":"Energie","value":"266 kJ | 64 kcal | 3 %"},{"key":"Fett","value":"3,5 g | 5 %"},{"key":"Fett, davon gesättigte Fettsäuren","value":"2,1 g | 11 %"},{"key":"Kohlenhydrate","value":"4,7 g | 2 %"},{"key":"Kohlenhydrate, davon Zucker","value":"4,7 g | 5 %"},{"key":"Eiweiß","value":"3,3 g | 7 %"},{"key":"Salz","value":"0,1 g | 2 %"},{"key":"Kalzium","value":"120 mg | 15 %"}],"tags":[]},
    {"url":"https://www.interspar.at/shop/lebensmittel/p/5774371","data":[{"key":"price","value":"0,85 €"},{"key":"oldPrice","value":"\n\t\t\t\t\t\n\t\t\t\t\t \n\t\t\t\t"},{"key":"pricePerUnit","value":"(3.40 €/kg)"},{"key":"productDetailsName","value":"Schärdinger - Sauerrahm 13% Fett 2 x 125g - 250 G"},{"key":"detailsDescription","value":"250 G"},{"key":"articleNumber","value":"Artikelnummer: 5774371"},{"key":"Lagerhinweis:","value":["Gekühlt lagern."]},{"key":"Zutaten:","value":["Zutaten: SAUERRAHM. In Großbuchstaben angegebene Zutaten enthalten allergene Inhaltsstoffe."]},{"key":"Allergene:","value":["Enthält:Milch und daraus gewonnene Erzeugnisse (inkl. Laktose)"]},{"key":"Identitätskennzeichen:","value":["AT 30751 EG"]},{"key":"Kontakt:","value":["Berglandmilch","Schubertstraße 30, 4600 Wels, Österreich"]}],"nutritions":[{"key":"","value":"Unzubereitet"},{"key":" ","value":"100 g"},{"key":"Energie","value":"586 kJ | 142 kcal"},{"key":"Fett","value":"13 g"},{"key":"Fett, davon gesättigte Fettsäuren","value":"9 g"},{"key":"Kohlenhydrate","value":"2,9 g"},{"key":"Kohlenhydrate, davon Zucker","value":"2,9 g"},{"key":"Eiweiß","value":"3,3 g"},{"key":"Salz","value":"0,15 g"}],"tags":[]},
    {"url":"https://www.interspar.at/shop/lebensmittel/p/6673147","data":[{"key":"price","value":"1,99 €"},{"key":"oldPrice","value":"\n\t\t\t\t\t\n\t\t\t\t\t \n\t\t\t\t"},{"key":"pricePerUnit","value":"(4.33 €/kg)"},{"key":"productDetailsName","value":"Danone Dany+Sahne - Schoko 4 x 115g - 460 G"},{"key":"detailsDescription","value":"460 G"},{"key":"articleNumber","value":"Artikelnummer: 6673147"},{"key":"Lagerhinweis:","value":["Kühl bei maximal + 8 °C lagern."]},{"key":"Zutaten:","value":["Zutaten: entrahmte MILCH, SAHNE 20%, MOLKENERZEUGNIS, Zucker, Glukose-Fructosesirup, modifizierte Stärke (Mais, WEIZEN), 1,3% Kakao, Gelatine, Verdickungsmittel Carrageen, Emulgator Milchsäureester von Mono- und Diglyceriden von Speisefettsäuren, Stickstoff, Speisesalz. In Großbuchstaben angegebene Zutaten enthalten allergene Inhaltsstoffe."]},{"key":"Allergene:","value":["Kann Spuren enthalten von:Erdnüsse und daraus gewonnene Erzeugnisse, Schalenfrüchte und daraus gewonnene Erzeugnisse, Sojabohnen und daraus gewonnene Erzeugnisse","Enthält:Glutenhaltiges Getreide und daraus hergestellte Erzeugnisse, Milch und daraus gewonnene Erzeugnisse (inkl. Laktose)"]},{"key":"Identitätskennzeichen:","value":["DE BY-601 EG"]},{"key":"Kontakt:","value":["Danone GmbH","Technologiestraße 10, 1120 Wien, Österreich"]}],"nutritions":[{"key":"","value":"Unzubereitet"},{"key":" ","value":"100 g"},{"key":"Energie","value":"573 kJ | 137 kcal | 7 %"},{"key":"Fett","value":"6,4 g | 9 %"},{"key":"Fett, davon gesättigte Fettsäuren","value":"4,2 g | 21 %"},{"key":"Kohlenhydrate","value":"17 g | 7 %"},{"key":"Kohlenhydrate, davon Zucker","value":"14 g | 17 %"},{"key":"Eiweiß","value":"2,6 g | 5 %"},{"key":"Salz","value":"0,1 g | 2 %"}],"tags":[]},
    {"url":"https://www.interspar.at/shop/lebensmittel/p/820066","data":[{"key":"price","value":"0,89 €"},{"key":"oldPrice","value":"\n\t\t\t\t\t\n\t\t\t\t\t \n\t\t\t\t"},{"key":"pricePerUnit","value":"(4.45 €/kg)"},{"key":"productDetailsName","value":"Müller - Milchreis Original - 200 G"},{"key":"detailsDescription","value":"200 G"},{"key":"articleNumber","value":"Artikelnummer: 820066"},{"key":"Lagerhinweis:","value":["Bei maximal + 8°C lagern."]},{"key":"Zutaten:","value":["Zutaten: VOLLMILCH, BUTTERMILCH, Reis, Wasser, Zucker, 0,5% Traubenzucker, VOLLEI, Speisesalz, Verdickungsmittel: Johannisbrotkernmehl, Guarkernmehl; Aroma. In Großbuchstaben angegebene Zutaten enthalten allergene Inhaltsstoffe."]},{"key":"Allergene:","value":["Enthält:Eier und daraus gewonnene Erzeugnisse, Milch und daraus gewonnene Erzeugnisse (inkl. Laktose)"]},{"key":"Identitätskennzeichen:","value":["DE BY 718 EG DE SN 016 EG"]},{"key":"Kontakt:","value":["Molkerei Alois Müller GmbH & Co. KG","Zollerstraße 7, 86850 Fischach-Aretsried, Deutschland"]}],"nutritions":[{"key":"","value":"Unzubereitet"},{"key":" ","value":"100 g"},{"key":"Energie","value":"427 kJ | 101 kcal"},{"key":"Fett","value":"2,6 g"},{"key":"Fett, davon gesättigte Fettsäuren","value":"1,7 g"},{"key":"Kohlenhydrate","value":"15,9 g"},{"key":"Kohlenhydrate, davon Zucker","value":"9,7 g"},{"key":"Eiweiß","value":"3,5 g"},{"key":"Salz","value":"0,26 g"},{"key":"Kalzium","value":"95 mg | 12 %"},{"key":"","value":"Unzubereitet"},{"key":" ","value":"Portion (200 g)"},{"key":"Energie","value":"854 kJ | 202 kcal"},{"key":"Fett","value":"5,2 g"},{"key":"Fett, davon gesättigte Fettsäuren","value":"3,4 g"},{"key":"Kohlenhydrate","value":"31,8 g"},{"key":"Kohlenhydrate, davon Zucker","value":"19,4 g"},{"key":"Eiweiß","value":"7 g"},{"key":"Salz","value":"0,52 g"},{"key":"Kalzium","value":"190 mg | 23 %"}],"tags":[]},
    {"url":"https://www.interspar.at/shop/lebensmittel/p/2020000684961","data":[{"key":"price","value":"0,59 €"},{"key":"oldPrice","value":"\n\t\t\t\t\t\n\t\t\t\t\t \n\t\t\t\t"},{"key":"pricePerUnit","value":"(2.36 €/kg)"},{"key":"productDetailsName","value":"S-BUDGET - Sauerrahm - 250 G"},{"key":"detailsDescription","value":"250 G"},{"key":"articleNumber","value":"Artikelnummer: 2020000684961"},{"key":"Lagerhinweis:","value":["Vor und nach dem Öffnen gekühlt lagern und nach dem Öffnen alsbald verbrauchen."]},{"key":"Zutaten:","value":["Zutaten: SAUERRAHM. In Großbuchstaben angegebene Zutaten enthalten allergene Inhaltsstoffe."]},{"key":"Allergene:","value":["Enthält:Milch und daraus gewonnene Erzeugnisse (inkl. Laktose)"]},{"key":"Identitätskennzeichen:","value":["AT 30751 EG"]},{"key":"Zusatztext:","value":["Gentechnikfrei erzeugt gemäß Codex-Richtlinie \"Gentechnikfreie Produktion\". Kontrolle durch Lacon GmbH"]},{"key":"Ursprungsland/Herkunftsort:","value":["Qualität aus Österreich"]},{"key":"Kontakt:","value":["SPAR Österr. Warenhandels-AG","Europastraße 3, 5015 Salzburg, Österreich"]}],"nutritions":[{"key":" ","value":"100 g"},{"key":"","value":"Unzubereitet"},{"key":"Energie","value":"660 kJ | 160 kcal"},{"key":"Fett","value":"15 g"},{"key":"Fett, davon gesättigte Fettsäuren","value":"10 g"},{"key":"Kohlenhydrate","value":"2,9 g"},{"key":"Kohlenhydrate, davon Zucker","value":"2,9 g"},{"key":"Ballaststoffe","value":"0 g"},{"key":"Eiweiß","value":"3,3 g"},{"key":"Salz","value":"0,13 g"},{"key":"Broteinheiten","value":"0,2 BE"}],"tags":[]},
    {"url":"https://www.interspar.at/shop/lebensmittel/p/7250934","data":[{"key":"price","value":"1,39 €"},{"key":"oldPrice","value":"\n\t\t\t\t\t\n\t\t\t\t\t \n\t\t\t\t"},{"key":"pricePerUnit","value":"(5.56 €/kg)"},{"key":"productDetailsName","value":"SPAR - Schmelzkäse Rahm-Eckerl 8 x 31,25g - 250 G"},{"key":"detailsDescription","value":"250 G"},{"key":"articleNumber","value":"Artikelnummer: 7250934"},{"key":"Lagerhinweis:","value":["Trocken lagern."]},{"key":"Zutaten:","value":["Zutaten: 36% KÄSE, Wasser, BUTTER, 10% RAHM, MAGERMILCHPULVER, Schmelzsalze: Natriumphosphate, Diphosphate, Polyphosphate; SÜSSMOLKENPULVER, Salz unjodiert, Säuerungsmittel: Citronensäure. In Großbuchstaben angegebene Zutaten enthalten allergene Inhaltsstoffe."]},{"key":"Allergene:","value":["Enthält:Milch und daraus gewonnene Erzeugnisse (inkl. Laktose)"]},{"key":"","value":["glutenfrei"]},{"key":"","value":["Ohne Konservierungsstoffe"]},{"key":"Identitätskennzeichen:","value":["AT 50124 EG"]},{"key":"Ursprungsland/Herkunftsort:","value":["Sorgfältig hergestellt in Österreich"]},{"key":"Kontakt:","value":["SPAR Österr. Warenhandels-AG","Europastraße 3, 5015 Salzburg, Österreich"]}],"nutritions":[{"key":" ","value":"100 g"},{"key":"","value":"Unzubereitet"},{"key":"Energie","value":"1123 kJ | 271 kcal"},{"key":"Fett","value":"23 g"},{"key":"Fett, davon gesättigte Fettsäuren","value":"17 g"},{"key":"Kohlenhydrate","value":"4 g"},{"key":"Kohlenhydrate, davon Zucker","value":"4 g"},{"key":"Ballaststoffe","value":"0 g"},{"key":"Eiweiß","value":"12 g"},{"key":"Salz","value":"2,25 g"},{"key":"Broteinheiten","value":"0,3 BE"}],"tags":["Glutenfrei"]},
    {"url":"https://www.interspar.at/shop/lebensmittel/p/1017281","data":[{"key":"price","value":"1,99 €"},{"key":"oldPrice","value":"\n\t\t\t\t\t\n\t\t\t\t\t \n\t\t\t\t"},{"key":"pricePerUnit","value":"(6.63 €/kg)"},{"key":"productDetailsName","value":"SPAR PREMIUM Edition Johanna Maier - Topfen-Spätzle - 300 G"},{"key":"detailsDescription","value":"300 G"},{"key":"articleNumber","value":"Artikelnummer: 1017281"},{"key":"Lagerhinweis:","value":["Vor und nach dem Öffnen gekühlt lagern bei max. +7°C. Nach dem Öffnen innerhalb eines Tages verbrauchen."]},{"key":"Zutaten:","value":["Zutaten: Wasser, WEIZENMEHL 26%, SPEISETOPFEN mager 17%, EIER* 8%, Speisesalz jodiert (Salz, Kaliumjodid), Speisesalz, Rapsöl.*aus Freilandhaltung. In Großbuchstaben angegebene Zutaten enthalten allergene Inhaltsstoffe."]},{"key":"Allergene:","value":["Enthält:Eier und daraus gewonnene Erzeugnisse, Glutenhaltiges Getreide und daraus hergestellte Erzeugnisse, Milch und daraus gewonnene Erzeugnisse (inkl. Laktose)"]},{"key":"Zubereitung:","value":["Braten in FettKalbsrahmgulasch mit SPAR PREMIUM Topfen-Spätzle à la Johanna Maier:1kg Kalbfleisch (Schulter oder Hals)SPAR PREMIUM Fleisch-Gewürzsalz50g Speck150g gewürfelte ZwiebelnDESPAR PREMIUM Olivenöl340 ml SPAR PREMIUM Rinderfond20g Paprikapulver1/8 l Sauerrahm15g Mehlhalb steif geschlagenes SchlagobersSPAR PREMIUM Topfen-SpätzleDas Fleisch in 3 bis 4 cm große Würfel schneiden und mit dem SPAR PREMIUM Fleisch-Gewürzsalz würzen. Den Speck in kleine Würfel schneiden und mit den Zwiebeln in Olivenöl in einem großen Topf goldgelb anrösten. Das Paprikapulver hinzufügen und mit etwas Rinderfond ablöschen. Die Fleischwürfel zugeben, mit dem restlichen Rinderfond aufgießen und dann etwa 45 Minuten köcheln lassen, bis das Fleisch weich ist. Das Fleisch danach aus dem Sud heben. Sauerrahm und Mehl glatt verrühren und in dem kochenden Sud erwärmen. Die SPAR PREMIUM Topfen-Spätzle ohne vorkochen in etwas Butter goldbraun anbraten. Am Schluss das Kalbsrahmgulasch nach Belieben noch mit 1 - 2 Esslöffeln Schlagobers garnieren und mit den SPAR PREMIUM Topfen-Spätzle servieren."]},{"key":"Ursprungsland/Herkunftsort:","value":["Sorgfältig hergestellt in der Schweiz"]},{"key":"Verbrauchen nach dem Öffnen:","value":["1 Tage"]},{"key":"Kontakt:","value":["SPAR Österr. Warenhandels-AG","Europastraße 3, 5015 Salzburg, Österreich"]}],"nutritions":[{"key":" ","value":"100 g"},{"key":"","value":"Unzubereitet"},{"key":"Energie","value":"493 kJ | 116 kcal"},{"key":"Fett","value":"1,4 g"},{"key":"Fett, davon gesättigte Fettsäuren","value":"0,3 g"},{"key":"Kohlenhydrate","value":"19 g"},{"key":"Kohlenhydrate, davon Zucker","value":"2,3 g"},{"key":"Ballaststoffe","value":"0,9 g"},{"key":"Eiweiß","value":"6,5 g"},{"key":"Salz","value":"1,1 g"},{"key":"Broteinheiten","value":"1,6 BE"}],"tags":[]},
    {"url":"https://www.interspar.at/shop/lebensmittel/p/2020000887379","data":[{"key":"price","value":"2,79 €"},{"key":"oldPrice","value":"\n\t\t\t\t\t\n\t\t\t\t\t \n\t\t\t\t"},{"key":"pricePerUnit","value":"(11.16 €/kg)"},{"key":"productDetailsName","value":"SPAR Natur*pur - Bio-Ricotta-Spinat-Ravioli - 250 G"},{"key":"detailsDescription","value":"250 G"},{"key":"articleNumber","value":"Artikelnummer: 2020000887379"},{"key":"Lagerhinweis:","value":["Vor und nach dem Öffnen gekühlt lagern bei max. +7°C. Nach dem Öffnen innerhalb eines Tages genießen."]},{"key":"Zutaten:","value":["Zutaten: Teig (HARTWEIZENGRIESS*, Wasser, EIER*, Rapsöl*, Speisesalz unjodiert), Füllung (11% Spinat*, Wasser, 8% Ricotta*-Molkenkäse [MOLKE, MILCH, Säuerungsmittel: Milchsäure], GOUDA*, WEIZENMEHL*, HARTWEIZENGRIESS*, Meersalz, Gewürze*, Zitronensaftkonzentrat*, Speisesalz unjodiert, Hefe*). *aus biologischer Landwirtschaft. In Großbuchstaben angegebene Zutaten enthalten allergene Inhaltsstoffe."]},{"key":"Allergene:","value":["Kann Spuren enthalten von:Sojabohnen und daraus gewonnene Erzeugnisse","Enthält:Eier und daraus gewonnene Erzeugnisse, Glutenhaltiges Getreide und daraus hergestellte Erzeugnisse, Milch und daraus gewonnene Erzeugnisse (inkl. Laktose)"]},{"key":"Zubereitung:","value":["Simmern/KöchelnTeigwaren in kochendes, gesalzenes Wasser geben und 2 Minuten ziehen lassen.Serviertipp: Werden diese Bio-Ravioli mit geschmolzener Bio-Butter, frisch geriebenem Parmensan und frischen Bio-Kräutern serviert, kommt der Geschmack am besten zur Geltung."]},{"key":"Bio-Kontrollstelle:","value":["CH-BIO-006"]},{"key":"Ökoherkunft:","value":["EU-/Nicht-EU-Landwirtschaft"]},{"key":"Ursprungsland/Herkunftsort:","value":["Sorgfältig hergestellt in Liechtenstein"]},{"key":"Verbrauchen nach dem Öffnen:","value":["1 Tage"]},{"key":"Kontakt:","value":["SPAR Österr. Warenhandels-AG","Europastraße 3, 5015 Salzburg, Österreich","office@spar.at"]}],"nutritions":[{"key":"","value":"Unzubereitet"},{"key":" ","value":"100 g"},{"key":"Energie","value":"703 kJ | 167 kcal"},{"key":"Fett","value":"4,1 g"},{"key":"Fett, davon gesättigte Fettsäuren","value":"2,1 g"},{"key":"Kohlenhydrate","value":"24 g"},{"key":"Kohlenhydrate, davon Zucker","value":"1,8 g"},{"key":"Ballaststoffe","value":"1,5 g"},{"key":"Eiweiß","value":"7,7 g"},{"key":"Salz","value":"1,3 g"},{"key":"Broteinheiten","value":"2 BE"}],"tags":["Bio"]},
    {"url":"https://www.interspar.at/shop/lebensmittel/p/2020000887485","data":[{"key":"price","value":"2,79 €"},{"key":"oldPrice","value":"\n\t\t\t\t\t\n\t\t\t\t\t \n\t\t\t\t"},{"key":"pricePerUnit","value":"(11.16 €/kg)"},{"key":"productDetailsName","value":"SPAR Natur*pur - Bio-Käse-Ravioli - 250 G"},{"key":"detailsDescription","value":"250 G"},{"key":"articleNumber","value":"Artikelnummer: 2020000887485"},{"key":"Lagerhinweis:","value":["Vor und nach dem Öffnen gekühlt lagern bei max. +7°C. Nach dem Öffnen innerhalb eines Tages genießen."]},{"key":"Zutaten:","value":["Zutaten: Teig (HARTWEIZENGRIESS*, Wasser, EIER*, Rapsöl*, Speisesalz unjodiert), Füllung (Wasser, 13% KÄSE*, 7% Ricotta*-Molkenkäse [MOLKE, MILCH, Säuerungsmittel: Milchsäure], HARTWEIZENGRIESS*, WEIZENMEHL*, Meersalz, Gewürze*, Speisesalz, Hefe*). *aus biologischer Landwirtschaft. In Großbuchstaben angegebene Zutaten enthalten allergene Inhaltsstoffe."]},{"key":"Allergene:","value":["Kann Spuren enthalten von:Sojabohnen und daraus gewonnene Erzeugnisse","Enthält:Eier und daraus gewonnene Erzeugnisse, Glutenhaltiges Getreide und daraus hergestellte Erzeugnisse, Milch und daraus gewonnene Erzeugnisse (inkl. Laktose)"]},{"key":"Zubereitung:","value":["Sieden in kochender FlüssigkeitTeigwaren in kochendes, gesalzenes Wasser geben und 2 Minuten ziehen lassen.Serviertipp: Werden diese Bio-Ravioli mit geschmolzener Bio-Butter, frischem Bio-Schnittlauch und feinen Bio-Kräutern serviert, kommt der Geschmack am besten zur Geltung."]},{"key":"Bio-Kontrollstelle:","value":["CH-BIO-006"]},{"key":"Ökoherkunft:","value":["EU-/Nicht-EU-Landwirtschaft"]},{"key":"Ursprungsland/Herkunftsort:","value":["Sorgfältig hergestellt in Liechtenstein"]},{"key":"Verbrauchen nach dem Öffnen:","value":["1 Tage"]},{"key":"Kontakt:","value":["SPAR Österr. Warenhandels-AG","Europastraße 3, 5015 Salzburg, Österreich","office@spar.at"]}],"nutritions":[{"key":"","value":"Unzubereitet"},{"key":" ","value":"100 g"},{"key":"Energie","value":"783 kJ | 186 kcal"},{"key":"Fett","value":"5,5 g"},{"key":"Fett, davon gesättigte Fettsäuren","value":"3 g"},{"key":"Kohlenhydrate","value":"24 g"},{"key":"Kohlenhydrate, davon Zucker","value":"1,6 g"},{"key":"Ballaststoffe","value":"1,3 g"},{"key":"Eiweiß","value":"9,5 g"},{"key":"Salz","value":"1,4 g"},{"key":"Broteinheiten","value":"2 BE"}],"tags":["Bio"]},
    {"url":"https://www.interspar.at/shop/lebensmittel/p/6394622","data":[{"key":"price","value":"2,19 €"},{"key":"oldPrice","value":"\n\t\t\t\t\t\n\t\t\t\t\t \n\t\t\t\t"},{"key":"pricePerUnit","value":"(7.30 €/kg)"},{"key":"productDetailsName","value":"SPAR Natur*pur - Bio-Eierspätzle - 300 G"},{"key":"detailsDescription","value":"300 G"},{"key":"articleNumber","value":"Artikelnummer: 6394622"},{"key":"Lagerhinweis:","value":["Vor und nach dem Öffnen gekühlt lagern bei max. +7°C. Nach dem Öffnen innerhalb eines Tages genießen."]},{"key":"Zutaten:","value":["Zutaten: WEIZENMEHL*, Wasser, 18% EIER*, Speisesalz, Rapsöl*. *aus biologischer Landwirtschaft. In Großbuchstaben angegebene Zutaten enthalten allergene Inhaltsstoffe."]},{"key":"Allergene:","value":["Enthält:Eier und daraus gewonnene Erzeugnisse, Glutenhaltiges Getreide und daraus hergestellte Erzeugnisse"]},{"key":"Zubereitung:","value":["Braten mit wenig FettRezepttipp: KäsespätzleZwiebel in dünne Scheiben schneiden und in Butter bei mittlerer Hitze glasig dünsten. Bio-Eierspätzle zufügen und alles goldbraun braten. Käse grob reiben und unterrühren, mit Salz, Pfeffer und Muskat würzen.","Sieden in kochender FlüssigkeitBio-Eierspätzle in kochendes, gesalzenes Wasser geben, Hitze reduzieren und 2 Minuten ziehen lassen.","Braten mit wenig FettSpätzle in vorgeheizter Pfanne mit etwas Butter goldbraun 4-6 Minuten anbraten lassen."]},{"key":"Bio-Kontrollstelle:","value":["CH-BIO-006"]},{"key":"Ökoherkunft:","value":["EU-Landwirtschaft"]},{"key":"Ursprungsland/Herkunftsort:","value":["Bio-Mehl aus Österreich"]},{"key":"Verbrauchen nach dem Öffnen:","value":["1 Tage"]},{"key":"Kontakt:","value":["SPAR Österr. Warenhandels-AG","Europastraße 3, 5015 Salzburg, Österreich"]}],"nutritions":[{"key":"","value":"Unzubereitet"},{"key":" ","value":"100 g"},{"key":"Energie","value":"659 kJ | 164 kcal"},{"key":"Fett","value":"2,8 g"},{"key":"Fett, davon gesättigte Fettsäuren","value":"0,7 g"},{"key":"Kohlenhydrate","value":"28 g"},{"key":"Kohlenhydrate, davon Zucker","value":"2,7 g"},{"key":"Ballaststoffe","value":"1,1 g"},{"key":"Eiweiß","value":"6,1 g"},{"key":"Salz","value":"1,2 g"},{"key":"Broteinheiten","value":"2,3 BE"}],"tags":["Bio","Lactosefrei"]},
    {"url":"https://www.interspar.at/shop/lebensmittel/p/6394691","data":[{"key":"price","value":"2,49 €"},{"key":"oldPrice","value":"\n\t\t\t\t\t\n\t\t\t\t\t \n\t\t\t\t"},{"key":"pricePerUnit","value":"(8.30 €/kg)"},{"key":"productDetailsName","value":"SPAR Natur*pur - Bio-Gnocchi - 300 G"},{"key":"detailsDescription","value":"300 G"},{"key":"articleNumber","value":"Artikelnummer: 6394691"},{"key":"Lagerhinweis:","value":["Vor und nach dem Öffnen gekühlt lagern bei max. +7°C. Nach dem Öffnen innerhalb eines Tages genießen."]},{"key":"Zutaten:","value":["Zutaten: Wasser, HARTWEIZENGRIESS*, Kartoffelflocken* (Kartoffeln*, Rosmarinextrakt*), WEIZENSTÄRKE*, Maismehl*, Rapsöl*, 2% EIER*, Speisesalz, Gewürz*. *aus biologischer Landwirtschaft. In Großbuchstaben angegebene Zutaten enthalten allergene Inhaltsstoffe."]},{"key":"Allergene:","value":["Kann Spuren enthalten von:Sojabohnen und daraus gewonnene Erzeugnisse","Enthält:Eier und daraus gewonnene Erzeugnisse, Glutenhaltiges Getreide und daraus hergestellte Erzeugnisse"]},{"key":"Zubereitung:","value":["Simmern/KöchelnBio-Gnocchi in kochendes, gesalzenes Wasser geben, Hitze reduzieren und 2 Minuten ziehen lassen.","Braten mit wenig FettBio-Gnocchi in vorgeheizter Pfanne mit etwas Butter goldbraun 4-6 Minuten anbraten lassen.Saucentipp: Gewürfelte Tomaten in Olivenöl anbraten, 5 Minuten köcheln lassen. Nach Belieben mit Pfeffer und etwas Knoblauch würzen."]},{"key":"Bio-Kontrollstelle:","value":["CH-BIO-006"]},{"key":"Ökoherkunft:","value":["EU-/Nicht-EU-Landwirtschaft"]},{"key":"Ursprungsland/Herkunftsort:","value":["Sorgfältig hergestellt in Liechtenstein"]},{"key":"Verbrauchen nach dem Öffnen:","value":["1 Tage"]},{"key":"Kontakt:","value":["SPAR Österr. Warenhandels-AG","Europastraße 3, 5015 Salzburg, Österreich"]}],"nutritions":[{"key":"","value":"Unzubereitet"},{"key":" ","value":"100 g"},{"key":"Energie","value":"744 kJ | 176 kcal"},{"key":"Fett","value":"3,8 g"},{"key":"Fett, davon gesättigte Fettsäuren","value":"0,4 g"},{"key":"Kohlenhydrate","value":"31 g"},{"key":"Kohlenhydrate, davon Zucker","value":"2,4 g"},{"key":"Ballaststoffe","value":"1,7 g"},{"key":"Eiweiß","value":"3,7 g"},{"key":"Salz","value":"1,4 g"},{"key":"Broteinheiten","value":"2,6 BE"}],"tags":["Bio","Lactosefrei"]},
    {"url":"https://www.interspar.at/shop/lebensmittel/p/1130973","data":[{"key":"price","value":"1,79 €"},{"key":"oldPrice","value":"\n\t\t\t\t\t\n\t\t\t\t\tstatt 2,24 €\n\t\t\t\t"},{"key":"pricePerUnit","value":"(2.98 €/kg)"},{"key":"productDetailsName","value":"Danone Actimel - Natur 6 x 100g - 600 G"},{"key":"detailsDescription","value":"600 G"},{"key":"articleNumber","value":"Artikelnummer: 1130973"},{"key":"Lagerhinweis:","value":["Kühl bei maximal +8°C lagern."]},{"key":"Zutaten:","value":["Zutaten: JOGHURT, entrahmte MILCH, Zucker, Traubenzucker, Vitamin B6 und D, Kultur Lactobacillus casei. In Großbuchstaben angegebene Zutaten enthalten allergene Inhaltsstoffe."]},{"key":"Allergene:","value":["Enthält:Milch und daraus gewonnene Erzeugnisse (inkl. Laktose)"]},{"key":"Identitätskennzeichen:","value":["BE M.319 EC"]},{"key":"Kontakt:","value":["Danone GmbH","Technologiestraße 10, 1120 Wien, Österreich"]}],"nutritions":[{"key":"","value":"Unzubereitet"},{"key":" ","value":"100 g"},{"key":"Energie","value":"300 kJ | 71 kcal | 4 %"},{"key":"Fett","value":"1,6 g | 2 %"},{"key":"Fett, davon gesättigte Fettsäuren","value":"1,1 g | 6 %"},{"key":"Kohlenhydrate","value":"10,5 g | 4 %"},{"key":"Kohlenhydrate, davon Zucker","value":"10,5 g | 12 %"},{"key":"Eiweiß","value":"2,8 g | 6 %"},{"key":"Salz","value":"0,1 g | 2 %"},{"key":"Vitamin D","value":"0,75 µg | 15 %"},{"key":"Vitamin B 6, Pyridoxin","value":"0,42 mg | 30 %"}],"tags":["immer Billig"]},
    {"url":"https://www.interspar.at/shop/lebensmittel/p/1131048","data":[{"key":"price","value":"1,79 €"},{"key":"oldPrice","value":"\n\t\t\t\t\t\n\t\t\t\t\tstatt 2,24 €\n\t\t\t\t"},{"key":"pricePerUnit","value":"(2.98 €/kg)"},{"key":"productDetailsName","value":"Danone Actimel - Erdbeere 6 x 100g - 600 G"},{"key":"detailsDescription","value":"600 G"},{"key":"articleNumber","value":"Artikelnummer: 1131048"},{"key":"Lagerhinweis:","value":["Kühl bei maximal +8°C lagern."]},{"key":"Zutaten:","value":["Zutaten: JOGHURT, entrahmte MILCH, Zucker, Erdbeeren (2,1%), Traubenzucker, Aroma, Farbstoff Anthocyane, Vitamin B6 und D, Kultur Lactobacillus casei. In Großbuchstaben angegebene Zutaten enthalten allergene Inhaltsstoffe."]},{"key":"Allergene:","value":["Enthält:Milch und daraus gewonnene Erzeugnisse (inkl. Laktose)"]},{"key":"Identitätskennzeichen:","value":["BE M.319 EC"]},{"key":"Kontakt:","value":["Danone GmbH","Technologiestraße 10, 1120 Wien, Österreich"]}],"nutritions":[{"key":"","value":"Unzubereitet"},{"key":" ","value":"100 g"},{"key":"Energie","value":"316 kJ | 75 kcal | 4 %"},{"key":"Fett","value":"1,5 g | 2 %"},{"key":"Fett, davon gesättigte Fettsäuren","value":"1 g | 5 %"},{"key":"Kohlenhydrate","value":"11,8 g | 5 %"},{"key":"Kohlenhydrate, davon Zucker","value":"11,6 g | 13 %"},{"key":"Eiweiß","value":"2,6 g | 5 %"},{"key":"Salz","value":"0,1 g | 2 %"},{"key":"Vitamin D","value":"0,75 µg | 15 %"},{"key":"Vitamin B 6, Pyridoxin","value":"0,42 mg | 30 %"}],"tags":["immer Billig"]},
    {"url":"https://www.interspar.at/shop/lebensmittel/p/1131154","data":[{"key":"price","value":"1,79 €"},{"key":"oldPrice","value":"\n\t\t\t\t\t\n\t\t\t\t\tstatt 2,24 €\n\t\t\t\t"},{"key":"pricePerUnit","value":"(2.98 €/kg)"},{"key":"productDetailsName","value":"Danone Actimel - Himbeer-Cranberry 6 x 100g - 600 G"},{"key":"detailsDescription","value":"600 G"},{"key":"articleNumber","value":"Artikelnummer: 1131154"},{"key":"Lagerhinweis:","value":["Kühl bei maximal +8°C lagern."]},{"key":"Zutaten:","value":["Zutaten: Zutaten: JOGHURT, entrahmte MILCH, Zucker, Himbeeren (1,7%), Cranberrysaft aus Cranberrysaftkonzentrat (0,4%), Traubenzucker, natürliches Aroma, Vitamin B6 und D, Kultur Lactobacillus casei. In Großbuchstaben angegebene Zutaten enthalten allergene Inhaltsstoffe."]},{"key":"Allergene:","value":["Enthält:Milch und daraus gewonnene Erzeugnisse (inkl. Laktose)"]},{"key":"Identitätskennzeichen:","value":["BE M.319 EC"]},{"key":"Kontakt:","value":["Danone GmbH","Technologiestraße 10, 1120 Wien, Österreich"]}],"nutritions":[{"key":"","value":"Unzubereitet"},{"key":" ","value":"100 g"},{"key":"Energie","value":"315 kJ | 75 kcal | 4 %"},{"key":"Fett","value":"1,5 g | 2 %"},{"key":"Fett, davon gesättigte Fettsäuren","value":"1 g | 5 %"},{"key":"Kohlenhydrate","value":"11,7 g | 5 %"},{"key":"Kohlenhydrate, davon Zucker","value":"11,6 g | 13 %"},{"key":"Eiweiß","value":"2,6 g | 5 %"},{"key":"Salz","value":"0,11 g | 2 %"},{"key":"Vitamin D","value":"0,75 µg | 15 %"},{"key":"Vitamin B 6, Pyridoxin","value":"0,42 mg | 30 %"}],"tags":["immer Billig"]},
    {"url":"https://www.interspar.at/shop/lebensmittel/p/1333008","data":[{"key":"price","value":"3,99 €"},{"key":"oldPrice","value":"\n\t\t\t\t\t\n\t\t\t\t\t \n\t\t\t\t"},{"key":"pricePerUnit","value":"(3.99 €/kg)"},{"key":"productDetailsName","value":"Danone Actimel - Erdbeere 10 x 100g - 1 KG"},{"key":"detailsDescription","value":"1 KG"},{"key":"articleNumber","value":"Artikelnummer: 1333008"},{"key":"Lagerhinweis:","value":["Kühl bei maximal + 8 °C lagern."]},{"key":"Zutaten:","value":["Zutaten: JOGHURT, entrahmte MILCH, Zucker, Erdbeeren (2,1%), Traubenzucker, MOLKENERZEUGNIS, natürliches Aroma, Vitamin B6 und D, Kultur Lactobacillus casei. In Großbuchstaben angegebene Zutaten enthalten allergene Inhaltsstoffe."]},{"key":"Allergene:","value":["Enthält:Milch und daraus gewonnene Erzeugnisse (inkl. Laktose)"]},{"key":"Identitätskennzeichen:","value":["BE M.319 EC"]},{"key":"Kontakt:","value":["Danone GmbH","Technologiestraße 10, 1120 Wien, Österreich"]}],"nutritions":[{"key":"","value":"Unzubereitet"},{"key":" ","value":"100 g"},{"key":"Energie","value":"316 kJ | 75 kcal | 4 %"},{"key":"Fett","value":"1,5 g | 2 %"},{"key":"Fett, davon gesättigte Fettsäuren","value":"1 g | 5 %"},{"key":"Kohlenhydrate","value":"11,7 g | 5 %"},{"key":"Kohlenhydrate, davon Zucker","value":"11,6 g | 13 %"},{"key":"Eiweiß","value":"2,7 g | 5 %"},{"key":"Salz","value":"0,1 g | 2 %"},{"key":"Vitamin D","value":"0,75 µg | 15 %"},{"key":"Vitamin B 6, Pyridoxin","value":"0,21 mg | 30 %"}],"tags":[]},
    {"url":"https://www.interspar.at/shop/lebensmittel/p/1544329","data":[{"key":"price","value":"1,79 €"},{"key":"oldPrice","value":"\n\t\t\t\t\t\n\t\t\t\t\tstatt 2,24 €\n\t\t\t\t"},{"key":"pricePerUnit","value":"(2.98 €/kg)"},{"key":"productDetailsName","value":"Danone Actimel - Waldfrucht  6 x 100g - 600 G"},{"key":"detailsDescription","value":"600 G"},{"key":"articleNumber","value":"Artikelnummer: 1544329"},{"key":"Lagerhinweis:","value":["Kühl bei maximal +8°C lagern."]},{"key":"Zutaten:","value":["Zutaten: JOGHURT, entrahmte MILCH, Zucker, Waldbeeren (Erdbeere 1%, Brombeere 0,4%, Heidelbeere 0,4%, Himbeere 0,4%), Traubenzucker, natürliches Aroma, Vitamin B6 und D, Kultur Lactobacillus casei. In Großbuchstaben angegebene Zutaten enthalten allergene Inhaltsstoffe."]},{"key":"Allergene:","value":["Enthält:Milch und daraus gewonnene Erzeugnisse (inkl. Laktose)"]},{"key":"Identitätskennzeichen:","value":["BE M.319 EC"]},{"key":"Kontakt:","value":["Danone GmbH","Technologiestraße 10, 1120 Wien, Österreich"]}],"nutritions":[{"key":"","value":"Unzubereitet"},{"key":" ","value":"100 g"},{"key":"Energie","value":"315 kJ | 75 kcal | 4 %"},{"key":"Fett","value":"1,5 g | 2 %"},{"key":"Fett, davon gesättigte Fettsäuren","value":"1 g | 5 %"},{"key":"Kohlenhydrate","value":"11,7 g | 5 %"},{"key":"Kohlenhydrate, davon Zucker","value":"11,6 g | 13 %"},{"key":"Eiweiß","value":"2,6 g | 5 %"},{"key":"Salz","value":"0,1 g | 2 %"},{"key":"Vitamin D","value":"0,75 µg | 15 %"},{"key":"Vitamin B 6, Pyridoxin","value":"0,42 mg | 30 %"}],"tags":["immer Billig"]},
    {"url":"https://www.interspar.at/shop/lebensmittel/p/1544336","data":[{"key":"price","value":"1,79 €"},{"key":"oldPrice","value":"\n\t\t\t\t\t\n\t\t\t\t\tstatt 2,24 €\n\t\t\t\t"},{"key":"pricePerUnit","value":"(2.98 €/kg)"},{"key":"productDetailsName","value":"Danone Actimel - Erdbeere, Banane 6 x 100g - 600 G"},{"key":"detailsDescription","value":"600 G"},{"key":"articleNumber","value":"Artikelnummer: 1544336"},{"key":"Lagerhinweis:","value":["Kühl bei maximal +8°C lagern."]},{"key":"Zutaten:","value":["Zutaten: JOGHURT, entrahmte MILCH, Zucker, Erdbeeren (1,3%), Banane (0,8%), Traubenzucker, natürliches Aroma, Vitamin B6 und D, Kultur Lactobacillus Casei. In Großbuchstaben angegebene Zutaten enthalten allergene Inhaltsstoffe."]},{"key":"Allergene:","value":["Enthält:Milch und daraus gewonnene Erzeugnisse (inkl. Laktose)"]},{"key":"Identitätskennzeichen:","value":["BE M.319 EC"]},{"key":"Kontakt:","value":["Danone GmbH","Technologiestraße 10, 1120 Wien, Österreich"]}],"nutritions":[{"key":"","value":"Unzubereitet"},{"key":" ","value":"100 g"},{"key":"Energie","value":"317 kJ | 75 kcal | 4 %"},{"key":"Fett","value":"1,5 g | 2 %"},{"key":"Fett, davon gesättigte Fettsäuren","value":"1 g | 5 %"},{"key":"Kohlenhydrate","value":"11,8 g | 5 %"},{"key":"Kohlenhydrate, davon Zucker","value":"11,7 g | 13 %"},{"key":"Eiweiß","value":"2,6 g | 5 %"},{"key":"Salz","value":"0,1 g | 2 %"},{"key":"Vitamin D","value":"0,75 µg | 15 %"},{"key":"Vitamin B 6, Pyridoxin","value":"0,42 mg | 30 %"}],"tags":["immer Billig"]},
    {"url":"https://www.interspar.at/shop/lebensmittel/p/1997453","data":[{"key":"price","value":"3,99 €"},{"key":"oldPrice","value":"\n\t\t\t\t\t\n\t\t\t\t\t \n\t\t\t\t"},{"key":"pricePerUnit","value":"(3.99 €/kg)"},{"key":"productDetailsName","value":"Danone Actimel - Multifrucht 10 x 100g - 1 KG"},{"key":"detailsDescription","value":"1 KG"},{"key":"articleNumber","value":"Artikelnummer: 1997453"},{"key":"Lagerhinweis:","value":["Kühl bei maximal + 8 °C lagern."]},{"key":"Zutaten:","value":["Zutaten: JOGHURT, entrahmte MILCH, Zucker, Fruchtsaft aus Fruchtsaftkonzentrat (Ananas 1,0%, Pfirsich 0,6%, Orange 0,3%, Erdbeere 0,3%), Traubenzucker, MOLKENERZEUGNIS, natürliches Aroma, Vitamin B6 und D, Kultur Lactobacillus casei. In Großbuchstaben angegebene Zutaten enthalten allergene Inhaltsstoffe."]},{"key":"Allergene:","value":["Enthält:Milch und daraus gewonnene Erzeugnisse (inkl. Laktose)"]},{"key":"Identitätskennzeichen:","value":["BE M.319 EC"]},{"key":"Kontakt:","value":["Danone GmbH","Technologiestraße 10, 1120 Wien, Österreich"]}],"nutritions":[{"key":"","value":"Unzubereitet"},{"key":" ","value":"100 g"},{"key":"Energie","value":"325 kJ | 77 kcal | 4 %"},{"key":"Fett","value":"1,5 g | 2 %"},{"key":"Fett, davon gesättigte Fettsäuren","value":"1 g | 5 %"},{"key":"Kohlenhydrate","value":"12,4 g | 5 %"},{"key":"Kohlenhydrate, davon Zucker","value":"12,3 g | 14 %"},{"key":"Eiweiß","value":"2,6 g | 5 %"},{"key":"Salz","value":"0,1 g | 2 %"},{"key":"Vitamin D","value":"0,75 µg | 15 %"},{"key":"Vitamin B 6, Pyridoxin","value":"0,21 mg | 30 %"}],"tags":[]},
    {"url":"https://www.interspar.at/shop/lebensmittel/p/2020000912750","data":[{"key":"price","value":"1,29 €"},{"key":"oldPrice","value":"\n\t\t\t\t\t\n\t\t\t\t\t \n\t\t\t\t"},{"key":"pricePerUnit","value":"(5.16 €/l)"},{"key":"productDetailsName","value":"Schärdinger Smoojo - Smoothie mit Naturjoghurt Mango-Maracuja - 250 ML"},{"key":"detailsDescription","value":"250 ML"},{"key":"articleNumber","value":"Artikelnummer: 2020000912750"},{"key":"Lagerhinweis:","value":["Vor dem Öffnen gut schütteln. Bei maximal 6°C lagern."]},{"key":"Zutaten:","value":["Zutaten: JOGHURT, Orangensaft aus Orangensaftkonzentrat, 11% Mangomark, Bananenmark, Fruchtsüße aus Apfelsaft, 2,4% Maracujasaft aus Maracujasaftkonzentrat, 2,4 % Mangosaft aus Mangosaftkonzentrat. In Großbuchstaben angegebene Zutaten enthalten allergene Inhaltsstoffe."]},{"key":"Allergene:","value":["Enthält:Milch und daraus gewonnene Erzeugnisse (inkl. Laktose)"]},{"key":"Identitätskennzeichen:","value":["AT 20141 EG"]},{"key":"Kontakt:","value":["Berglandmilch eGen","Schubertstraße 30, 4600 Wels, Österreich"]}],"nutritions":[{"key":"","value":"Unzubereitet"},{"key":" ","value":"100 ml"},{"key":"Energie","value":"287 kJ | 68 kcal"},{"key":"Fett","value":"1,6 g"},{"key":"Fett, davon gesättigte Fettsäuren","value":"1 g"},{"key":"Kohlenhydrate","value":"11 g"},{"key":"Kohlenhydrate, davon Zucker","value":"11 g"},{"key":"Eiweiß","value":"2,2 g"},{"key":"Salz","value":"0,07 g"}],"tags":[]},
    {"url":"https://www.interspar.at/shop/lebensmittel/p/2020000913269","data":[{"key":"price","value":"1,29 €"},{"key":"oldPrice","value":"\n\t\t\t\t\t\n\t\t\t\t\t \n\t\t\t\t"},{"key":"pricePerUnit","value":"(5.16 €/l)"},{"key":"productDetailsName","value":"Schärdinger Smoojo - Smoothie mit Naturjoghurt Erdbeere-Banane - 250 ML"},{"key":"detailsDescription","value":"250 ML"},{"key":"articleNumber","value":"Artikelnummer: 2020000913269"},{"key":"Lagerhinweis:","value":["Vor dem Öffnen gut schütteln. Bei maximal 6°C lagern."]},{"key":"Zutaten:","value":["Zutaten: JOGHURT, 18,1 % Erdbeermark, 12 % Bananenmark, Apfelfruchtsüße, 8,7 % Traubensaft aus Traubensaftkonzentrat, 4,4 % Karottensaft aus Karottensaftkonzentrat, 0,1 % Zitronensaft aus Zitronensaftkonzentrat. In Großbuchstaben angegebene Zutaten enthalten allergene Inhaltsstoffe."]},{"key":"Allergene:","value":["Enthält:Milch und daraus gewonnene Erzeugnisse (inkl. Laktose)"]},{"key":"Identitätskennzeichen:","value":["AT 20141 EG"]},{"key":"Kontakt:","value":["Berglandmilch eGen","Schubertstraße 30, 4600 Wels, Österreich"]}],"nutritions":[{"key":"","value":"Unzubereitet"},{"key":" ","value":"100 ml"},{"key":"Energie","value":"268 kJ | 64 kcal"},{"key":"Fett","value":"1,4 g"},{"key":"Fett, davon gesättigte Fettsäuren","value":"0,9 g"},{"key":"Kohlenhydrate","value":"10,4 g"},{"key":"Kohlenhydrate, davon Zucker","value":"10,2 g"},{"key":"Eiweiß","value":"2 g"},{"key":"Salz","value":"0,08 g"}],"tags":[]},
    {"url":"https://www.interspar.at/shop/lebensmittel/p/2020000913313","data":[{"key":"price","value":"1,29 €"},{"key":"oldPrice","value":"\n\t\t\t\t\t\n\t\t\t\t\t \n\t\t\t\t"},{"key":"pricePerUnit","value":"(5.16 €/l)"},{"key":"productDetailsName","value":"Schärdinger Smoojo - Smoothie mit Naturjoghurt Ananas-Banane-Kokos - 250 ML"},{"key":"detailsDescription","value":"250 ML"},{"key":"articleNumber","value":"Artikelnummer: 2020000913313"},{"key":"Lagerhinweis:","value":["Vor dem Öffnen gut schütteln. Bei max. 6°C lagern."]},{"key":"Zutaten:","value":["Zutaten: JOGHURT, 33,3 % Ananassaft aus Ananassaftkonzentrat, Apfelfruchtsüße, 8,4 % Bananenmark, 3,7 % Kokosmilch, 2,3 % Pfirsichmark, Zitronensaft aus Zitronensaftkonzentrat. In Großbuchstaben angegebene Zutaten enthalten allergene Inhaltsstoffe."]},{"key":"Allergene:","value":["Enthält:Milch und daraus gewonnene Erzeugnisse (inkl. Laktose)"]},{"key":"Identitätskennzeichen:","value":["AT 20141 EG"]},{"key":"Kontakt:","value":["Berglandmilch eGen","Schubertstraße 30, 4600 Wels, Österreich"]}],"nutritions":[{"key":"","value":"Unzubereitet"},{"key":" ","value":"100 ml"},{"key":"Energie","value":"338 kJ | 80 kcal"},{"key":"Fett","value":"2,7 g"},{"key":"Fett, davon gesättigte Fettsäuren","value":"1,9 g"},{"key":"Kohlenhydrate","value":"11 g"},{"key":"Kohlenhydrate, davon Zucker","value":"11 g"},{"key":"Eiweiß","value":"2,6 g"},{"key":"Salz","value":"0,09 g"}],"tags":[]},
    {"url":"https://www.interspar.at/shop/lebensmittel/p/2020001037957","data":[{"key":"price","value":"1,79 €"},{"key":"oldPrice","value":"\n\t\t\t\t\t\n\t\t\t\t\tstatt 2,24 €\n\t\t\t\t"},{"key":"pricePerUnit","value":"(2.98 €/kg)"},{"key":"productDetailsName","value":"Danone Actimel - Granatapfel 6 x 100g - 600 G"},{"key":"detailsDescription","value":"600 G"},{"key":"articleNumber","value":"Artikelnummer: 2020001037957"},{"key":"Lagerhinweis:","value":["Bei maximal +8 °C lagern."]},{"key":"Zutaten:","value":["Zutaten: JOGHURT, entrahmte MILCH, Zucker,  2% Granatapfelsaft aus Saftkonzentrat, Traubenzucker, Molkenerzeugnis, natürliches Aroma, Vitamin B6 und D, Kultur Lactobacillus casei. In Großbuchstaben angegebenen Zutaten enthalten allergene Inhaltsstoffe."]},{"key":"Allergene:","value":["Enthält:Milch und daraus gewonnene Erzeugnisse (inkl. Laktose)"]},{"key":"Identitätskennzeichen:","value":["BE M.319 EC"]},{"key":"Kontakt:","value":["Danone GmbH","1120 Wien, Österreich"]}],"nutritions":[{"key":"","value":"Unzubereitet"},{"key":" ","value":"100 g"},{"key":"Energie","value":"303 kJ | 72 kcal | 4 %"},{"key":"Fett","value":"1,5 g | 2 %"},{"key":"Fett, davon gesättigte Fettsäuren","value":"1 g | 5 %"},{"key":"Kohlenhydrate","value":"11,1 g | 4 %"},{"key":"Kohlenhydrate, davon Zucker","value":"10,8 g | 12 %"},{"key":"Eiweiß","value":"2,7 g | 5 %"},{"key":"Salz","value":"0,1 g | 2 %"},{"key":"Vitamin D","value":"0,75 µg | 15 %"},{"key":"Vitamin B 6, Pyridoxin","value":"0,42 mg | 30 %"},{"key":"Kalzium","value":"120 mg | 0,42 %"}],"tags":["immer Billig"]},
    {"url":"https://www.interspar.at/shop/lebensmittel/p/2020001039807","data":[{"key":"price","value":"1,79 €"},{"key":"oldPrice","value":"\n\t\t\t\t\t\n\t\t\t\t\tstatt 2,24 €\n\t\t\t\t"},{"key":"pricePerUnit","value":"(2.98 €/kg)"},{"key":"productDetailsName","value":"Danone Actimel - Erdbeere-Banane 6 x 100g - 600 G"},{"key":"detailsDescription","value":"600 G"},{"key":"articleNumber","value":"Artikelnummer: 2020001039807"},{"key":"Lagerhinweis:","value":["Bei maximal +8 °C lagern."]},{"key":"Zutaten:","value":["Zutaten: JOGHURT, entrahmte MILCH, Zucker, Erdbeeren (1,3%), Banane (0,8%), Traubenzucker, natürliches Aroma, Vitamin B6 und D, Kultur Lactobacillus case. In Großbuchstaben angegebenen Zutaten enthalten allergene Inhaltsstoffe."]},{"key":"Allergene:","value":["Enthält:Milch und daraus gewonnene Erzeugnisse (inkl. Laktose)"]},{"key":"Identitätskennzeichen:","value":["BE M.319 EC"]},{"key":"Kontakt:","value":["Danone GmbH","1120 Wien, Österreich"]}],"nutritions":[{"key":"","value":"Unzubereitet"},{"key":" ","value":"100 g"},{"key":"Energie","value":"293 kJ | 69 kcal | 4 %"},{"key":"Fett","value":"1,5 g | 2 %"},{"key":"Fett, davon gesättigte Fettsäuren","value":"1 g | 5 %"},{"key":"Kohlenhydrate","value":"10,4 g | 5 %"},{"key":"Kohlenhydrate, davon Zucker","value":"10,3 g | 13 %"},{"key":"Eiweiß","value":"2,7 g | 5 %"},{"key":"Salz","value":"0,1 g | 2 %"},{"key":"Vitamin D","value":"0,75 µg | 15 %"},{"key":"Vitamin B 6, Pyridoxin","value":"0,21 mg | 15 %"},{"key":"Kalzium","value":"120 mg | 15 %"}],"tags":["immer Billig"]},
    {"url":"https://www.interspar.at/shop/lebensmittel/p/2020001073412","data":[{"key":"price","value":"0,99 €"},{"key":"oldPrice","value":"\n\t\t\t\t\t\n\t\t\t\t\t \n\t\t\t\t"},{"key":"pricePerUnit","value":"(2.83 €/kg)"},{"key":"productDetailsName","value":"Landliebe - Trinkjoghurt Erdbeere - 350 G"},{"key":"detailsDescription","value":"350 G"},{"key":"articleNumber","value":"Artikelnummer: 2020001073412"},{"key":"Lagerhinweis:","value":["Bei maximal +8 °C lagern."]},{"key":"Zutaten:","value":["Zutaten: Fettarmer JOGHURT mild, JOGHURT mild aus entrahmter Milch, Zucker, Erdbeeren*, Erdbeersaft* aus Erdbeersaftkonzentrat, modifizierte Stärke, natürliches Aroma, färbende Pflanzenkonzentrate (Rote Bete, Karotte). * Frucht im Endprodukt: 7%. In Großbuchstaben angegebene Zutaten enthalten allergene Inhaltsstoffe."]},{"key":"Allergene:","value":["Enthält:Milch und daraus gewonnene Erzeugnisse (inkl. Laktose)"]},{"key":"Identitätskennzeichen:","value":["AT 30960 EG"]},{"key":"Kontakt:","value":["Landliebe Molkereiprodukte GmbH","Wimpfener Straße 125, 74078 Heilbronn, Deutschland"]}],"nutritions":[{"key":"","value":"Unzubereitet"},{"key":" ","value":"100 g"},{"key":"Energie","value":"265 kJ | 63 kcal"},{"key":"Fett","value":"0,7 g"},{"key":"Fett, davon gesättigte Fettsäuren","value":"0,5 g"},{"key":"Kohlenhydrate","value":"11 g"},{"key":"Kohlenhydrate, davon Zucker","value":"10 g"},{"key":"Eiweiß","value":"3 g"},{"key":"Salz","value":"0,11 g"}],"tags":[]},
    {"url":"https://www.interspar.at/shop/lebensmittel/p/2020001073900","data":[{"key":"price","value":"0,99 €"},{"key":"oldPrice","value":"\n\t\t\t\t\t\n\t\t\t\t\t \n\t\t\t\t"},{"key":"pricePerUnit","value":"(2.83 €/kg)"},{"key":"productDetailsName","value":"Landliebe - Trinkjoghurt Pfirsich - 350 G"},{"key":"detailsDescription","value":"350 G"},{"key":"articleNumber","value":"Artikelnummer: 2020001073900"},{"key":"Lagerhinweis:","value":["Bei maximal +8 °C lagern."]},{"key":"Zutaten:","value":["Zutaten: Fettarmer JOGHURT mild, JOGHURT mild aus entrahmter Milch, Zucker, Pfirsiche*, Pfirsichsaft* aus Pfirsichsaftkonzentrat, modifizierte Stärke, färbende Pflanzenkonzentrate (Karotte, Färberdistel), Zitronensaftkonzentrat, natürliches Aroma. * Frucht im Endprodukt: 7%. In Großbuchstaben angegebene Zutaten enthalten allergene Inhaltsstoffe."]},{"key":"Allergene:","value":["Enthält:Milch und daraus gewonnene Erzeugnisse (inkl. Laktose)"]},{"key":"Identitätskennzeichen:","value":["AT 30960 EG"]},{"key":"Kontakt:","value":["Landliebe Molkereiprodukte GmbH","Wimpfener Straße 125, 74078 Heilbronn, Deutschland"]}],"nutritions":[{"key":"","value":"Unzubereitet"},{"key":" ","value":"100 g"},{"key":"Energie","value":"265 kJ | 63 kcal"},{"key":"Fett","value":"0,7 g"},{"key":"Fett, davon gesättigte Fettsäuren","value":"0,5 g"},{"key":"Kohlenhydrate","value":"11 g"},{"key":"Kohlenhydrate, davon Zucker","value":"11 g"},{"key":"Eiweiß","value":"3 g"},{"key":"Salz","value":"0,12 g"}],"tags":[]},
    {"url":"https://www.interspar.at/shop/lebensmittel/p/2020001073979","data":[{"key":"price","value":"0,99 €"},{"key":"oldPrice","value":"\n\t\t\t\t\t\n\t\t\t\t\t \n\t\t\t\t"},{"key":"pricePerUnit","value":"(2.83 €/kg)"},{"key":"productDetailsName","value":"Landliebe - Trinkjoghurt Kirsche - 350 G"},{"key":"detailsDescription","value":"350 G"},{"key":"articleNumber","value":"Artikelnummer: 2020001073979"},{"key":"Lagerhinweis:","value":["Bei maximal +8°C lagern."]},{"key":"Zutaten:","value":["Zutaten: Fettarmer JOGHURT mild, JOGHURT mild aus entrahmter MILCH, Zucker, Kirschen*, Kirschsaft* aus Kirschsaftkonzentrat, modifizierte Stärke, Zitronensaftkonzentrat, natürliches Aroma, färbende Frucht- und Pflanzenkonzentrate (Hibiskus, Karotte). *Frucht im Endprodukt: 7%. In Großbuchstaben angegebene Zutaten enthalten allergene Inhaltsstoffe."]},{"key":"Allergene:","value":["Enthält:Milch und daraus gewonnene Erzeugnisse (inkl. Laktose)"]},{"key":"Identitätskennzeichen:","value":["AT 30960 EG"]},{"key":"Kontakt:","value":["Landliebe Molkereiprodukte GmbH","Wimpfener Straße 125, 74078 Heilbronn, Deutschland"]}],"nutritions":[{"key":"","value":"Unzubereitet"},{"key":" ","value":"100 g"},{"key":"Energie","value":"265 kJ | 63 kcal"},{"key":"Fett","value":"0,7 g"},{"key":"Fett, davon gesättigte Fettsäuren","value":"0,5 g"},{"key":"Kohlenhydrate","value":"11 g"},{"key":"Kohlenhydrate, davon Zucker","value":"11 g"},{"key":"Eiweiß","value":"3 g"},{"key":"Salz","value":"0,11 g"}],"tags":[]},
    {"url":"https://www.interspar.at/shop/lebensmittel/p/2020001073993","data":[{"key":"price","value":"0,99 €"},{"key":"oldPrice","value":"\n\t\t\t\t\t\n\t\t\t\t\t \n\t\t\t\t"},{"key":"pricePerUnit","value":"(2.83 €/kg)"},{"key":"productDetailsName","value":"Landliebe - Trinkjoghurt Heidelbeere - 350 G"},{"key":"detailsDescription","value":"350 G"},{"key":"articleNumber","value":"Artikelnummer: 2020001073993"},{"key":"Lagerhinweis:","value":["Bei maximal +8°C lagern."]},{"key":"Zutaten:","value":["Zutaten: Fettarmer JOGHURT mild, JOGHURT mild aus entrahmter Milch, Zucker, Heidelbeeren*, Heidelbeersaft* aus Heidelbeersaftkonzentrat, modifizierte Stärke, Zitronensaftkonzentrat, natürliches Aroma, färbende Frucht- und Pflanzenkonzentrate (Hibiskus, Karotte). *Frucht im Endprodukt: 7%. In Großbuchstaben angegebene Zutaten enthalten allergene Inhaltsstoffe."]},{"key":"Allergene:","value":["Enthält:Milch und daraus gewonnene Erzeugnisse (inkl. Laktose)"]},{"key":"Identitätskennzeichen:","value":["AT 30960 EG"]},{"key":"Kontakt:","value":["Landliebe Molkereiprodukte GmbH","Wimpfener Straße 125, 74078 Heilbronn, Deutschland"]}],"nutritions":[{"key":"","value":"Unzubereitet"},{"key":" ","value":"100 g"},{"key":"Energie","value":"266 kJ | 63 kcal"},{"key":"Fett","value":"0,7 g"},{"key":"Fett, davon gesättigte Fettsäuren","value":"0,5 g"},{"key":"Kohlenhydrate","value":"11 g"},{"key":"Kohlenhydrate, davon Zucker","value":"11 g"},{"key":"Eiweiß","value":"3 g"},{"key":"Salz","value":"0,11 g"}],"tags":[]},
    {"url":"https://www.interspar.at/shop/lebensmittel/p/2020001706563","data":[{"key":"price","value":"1,29 €"},{"key":"oldPrice","value":"\n\t\t\t\t\t\n\t\t\t\t\t \n\t\t\t\t"},{"key":"pricePerUnit","value":"(5.16 €/l)"},{"key":"productDetailsName","value":"Schärdinger Smoojo - Smoothie mit Naturjoghurt Himbeer-Erdbeer-Brombeer - 250 ML"},{"key":"detailsDescription","value":"250 ML"},{"key":"articleNumber","value":"Artikelnummer: 2020001706563"},{"key":"Lagerhinweis:","value":["Gekühlt bei max. 6°C lagern."]},{"key":"Zutaten:","value":["Zutaten: JOGHURT mild, 11% Himbeermark, Apfelfruchtsüße, 7% Erdbeermark, Traubensaft aus Traubensaftkonzentrat, Karottensaft aus Karottensaftkonzentrat, 5% Brombeermark, Apfelmark, 2% Acaisaft.  Mit Apfelsüße gesüßt, aus pasteurisierter Milch mit 2,6% Fett. In Großbuchstaben angegebene Zutaten enthalten allergene Inhaltsstoffe."]},{"key":"Allergene:","value":["Enthält:Milch und daraus gewonnene Erzeugnisse (inkl. Laktose)"]},{"key":"Identitätskennzeichen:","value":["AT 20141 EG"]},{"key":"Kontakt:","value":["Berglandmilch eGen","Schubertstraße 30, 4600 Wels, Österreich"]}],"nutritions":[{"key":" ","value":"100 ml"},{"key":"","value":"Unzubereitet"},{"key":"Energie","value":"278 kJ | 66 kcal"},{"key":"Fett","value":"1,4 g"},{"key":"Fett, davon gesättigte Fettsäuren","value":"0,9 g"},{"key":"Kohlenhydrate","value":"11 g"},{"key":"Kohlenhydrate, davon Zucker","value":"11 g"},{"key":"Eiweiß","value":"2 g"},{"key":"Salz","value":"0,08 g"}],"tags":[]},
    {"url":"https://www.interspar.at/shop/lebensmittel/p/2020001760824","data":[{"key":"price","value":"0,89 €"},{"key":"oldPrice","value":"\n\t\t\t\t\t\n\t\t\t\t\t \n\t\t\t\t"},{"key":"pricePerUnit","value":"(6.36 €/kg)"},{"key":"productDetailsName","value":"Schärdinger - Kefir & Marille - 140 G"},{"key":"detailsDescription","value":"140 G"},{"key":"articleNumber","value":"Artikelnummer: 2020001760824"},{"key":"Lagerhinweis:","value":["Ungeöffnet gekühlt bei max. 6 °C lagern."]},{"key":"Zutaten:","value":["Zutaten: KEFIR, 10,7% Marillen, 6,4% Marillenpüree, Zucker, Stabilisator Pektin, Zitronensaftkonzentrat. In Großbuchstaben angegebene Zutaten enthalten allergene Inhaltstoffe."]},{"key":"Allergene:","value":["Enthält:Milch und daraus gewonnene Erzeugnisse (inkl. Laktose)"]},{"key":"Identitätskennzeichen:","value":["AT 30751 EG"]},{"key":"Kontakt:","value":["Berglandmilch eGen","Schubertstraße 30, 4600 Wels, Österreich"]}],"nutritions":[{"key":"","value":"Unzubereitet"},{"key":" ","value":"100 g"},{"key":"Energie","value":"312 kJ | 74 kcal"},{"key":"Fett","value":"2,8 g"},{"key":"Fett, davon gesättigte Fettsäuren","value":"1,8 g"},{"key":"Kohlenhydrate","value":"8,3 g"},{"key":"Kohlenhydrate, davon Zucker","value":"8,1 g"},{"key":"Eiweiß","value":"3,8 g"},{"key":"Salz","value":"0,1 g"}],"tags":[]},
    {"url":"https://www.interspar.at/shop/lebensmittel/p/2020001760992","data":[{"key":"price","value":"0,89 €"},{"key":"oldPrice","value":"\n\t\t\t\t\t\n\t\t\t\t\t \n\t\t\t\t"},{"key":"pricePerUnit","value":"(6.36 €/kg)"},{"key":"productDetailsName","value":"Schärdinger - Kefir & Gartenfrüchte - 140 G"},{"key":"detailsDescription","value":"140 G"},{"key":"articleNumber","value":"Artikelnummer: 2020001760992"},{"key":"Lagerhinweis:","value":["Ungeöffnet gekühlt bei max. 6 °C lagern."]},{"key":"Zutaten:","value":["Zutaten: KEFIR, 6,2% Erdbeeren, 6,2% Sauerkirschen, Zucker, 3% Himbeeren, 1,9% Apfelpüree, Stabilisator Pektin. In Großbuchstaben angegebene Zutaten enthalten allergene Inhaltstoffe."]},{"key":"Allergene:","value":["Enthält:Milch und daraus gewonnene Erzeugnisse (inkl. Laktose)"]},{"key":"Identitätskennzeichen:","value":["AT 30751 EG"]},{"key":"Kontakt:","value":["Berglandmilch eGen","Schubertstraße 30, 4600 Wels, Österreich"]}],"nutritions":[{"key":"","value":"Unzubereitet"},{"key":" ","value":"100 g"},{"key":"Energie","value":"302 kJ | 72 kcal"},{"key":"Fett","value":"2,8 g"},{"key":"Fett, davon gesättigte Fettsäuren","value":"1,8 g"},{"key":"Kohlenhydrate","value":"7,8 g"},{"key":"Kohlenhydrate, davon Zucker","value":"7,8 g"},{"key":"Eiweiß","value":"3,7 g"},{"key":"Salz","value":"0,1 g"}],"tags":[]},
    {"url":"https://www.interspar.at/shop/lebensmittel/p/2020001877263","data":[{"key":"price","value":"0,99 €"},{"key":"oldPrice","value":"\n\t\t\t\t\t\n\t\t\t\t\t \n\t\t\t\t"},{"key":"pricePerUnit","value":"(7.92 €/kg)"},{"key":"productDetailsName","value":"MinusL - Milchreis Classic - 125 G"},{"key":"detailsDescription","value":"125 G"},{"key":"articleNumber","value":"Artikelnummer: 2020001877263"},{"key":"Lagerhinweis:","value":["Bei +2° C bis +8° C lagern."]},{"key":"Zutaten:","value":["Zutaten:78% VOLLMILCH,10% Reis, Zucker, Reisstärke, Farbstoffe: E171; Laktase. In Großbuchstaben angegebene Zutaten enthalten allergene Inhaltstoffe."]},{"key":"Allergene:","value":["Kann Spuren enthalten von:Eier und daraus gewonnene Erzeugnisse, Glutenhaltiges Getreide und daraus hergestellte Erzeugnisse","Enthält:Milch und daraus gewonnene Erzeugnisse (inkl. Laktose)"]},{"key":"","value":["*Laktose <0,1g/100g"]},{"key":"","value":["Laktosefrei"]},{"key":"Identitätskennzeichen:","value":["ES 1500008/S CE"]},{"key":"Kontakt:","value":["Milchpeter Handels GmbH","Leonard Bernstein Strasse 4-6/2/12, 1220 Wien, Österreich"]}],"nutritions":[{"key":"","value":"Unzubereitet"},{"key":" ","value":"100 g"},{"key":"Energie","value":"545 kJ | 129 kcal"},{"key":"Fett","value":"2,9 g"},{"key":"Fett, davon gesättigte Fettsäuren","value":"1,9 g"},{"key":"Kohlenhydrate","value":"22,4 g"},{"key":"Kohlenhydrate, davon Zucker","value":"13,2 g"},{"key":"Ballaststoffe","value":"0,1 g"},{"key":"Eiweiß","value":"3,3 g"},{"key":"Salz","value":"0,1 g"}],"tags":["Lactosefrei"]},
    {"url":"https://www.interspar.at/shop/lebensmittel/p/2020001877300","data":[{"key":"price","value":"0,99 €"},{"key":"oldPrice","value":"\n\t\t\t\t\t\n\t\t\t\t\t \n\t\t\t\t"},{"key":"pricePerUnit","value":"(7.92 €/kg)"},{"key":"productDetailsName","value":"MinusL - Milchreis Zimt - 125 G"},{"key":"detailsDescription","value":"125 G"},{"key":"articleNumber","value":"Artikelnummer: 2020001877300"},{"key":"Lagerhinweis:","value":["Bei +2° C bis +8° C lagern."]},{"key":"Zutaten:","value":["Zutaten: 78% VOLLMILCH, 10% Reis, Zucker, Reisstärke, Laktase, Zimt. In Großbuchstaben angegebene Zutaten enthalten allergene Inhaltstoffe."]},{"key":"Allergene:","value":["Kann Spuren enthalten von:Eier und daraus gewonnene Erzeugnisse, Glutenhaltiges Getreide und daraus hergestellte Erzeugnisse","Enthält:Milch und daraus gewonnene Erzeugnisse (inkl. Laktose)"]},{"key":"","value":["Laktose <0,1g/100g"]},{"key":"","value":["Laktosefrei"]},{"key":"Identitätskennzeichen:","value":["ES 1500008/S CE"]},{"key":"Kontakt:","value":["Milchpeter Handels GmbH","Leonard Bernstein Strasse 4-6/2/12, 1220 Wien, Österreich"]}],"nutritions":[{"key":"","value":"Unzubereitet"},{"key":" ","value":"100 g"},{"key":"Energie","value":"545 kJ | 129 kcal"},{"key":"Fett","value":"2,9 g"},{"key":"Fett, davon gesättigte Fettsäuren","value":"1,9 g"},{"key":"Kohlenhydrate","value":"22,4 g"},{"key":"Kohlenhydrate, davon Zucker","value":"13,2 g"},{"key":"Ballaststoffe","value":"0,1 g"},{"key":"Eiweiß","value":"3,3 g"},{"key":"Salz","value":"0,1 g"}],"tags":["Lactosefrei"]},
    {"url":"https://www.interspar.at/shop/lebensmittel/p/2020001960644","data":[{"key":"price","value":"0,59 €"},{"key":"oldPrice","value":"\n\t\t\t\t\t\n\t\t\t\t\tstatt 0,79 €\n\t\t\t\t"},{"key":"pricePerUnit","value":"(3.03 €/kg)"},{"key":"productDetailsName","value":"Danone Activia - Joghurtdrink Erdbeer Kiwi - 195 G"},{"key":"detailsDescription","value":"195 G"},{"key":"articleNumber","value":"Artikelnummer: 2020001960644"},{"key":"Lagerhinweis:","value":["Bei maximal +8 °C lagern."]},{"key":"Zutaten:","value":["Zutaten: JOGHURTERZEUGNIS, Zucker, 2,4% Erdbeeren, 0,6% Kiwi, Verdickungsmittel Gummi arabicum, färbende Konzentrate Karotte und Apfel, Aromen. Mit Bifidus Kultur ActiRegularis®. Kann glutenhaltige Getreide enthalten.In Großbuchstaben angegebene Zutaten enthalten allergene Inhaltstoffe."]},{"key":"Allergene:","value":["Kann Spuren enthalten von:Glutenhaltiges Getreide und daraus hergestellte Erzeugnisse","Enthält:Milch und daraus gewonnene Erzeugnisse (inkl. Laktose)"]},{"key":"Zubereitung:","value":["VerzehrfertigVerzehrfertig"]},{"key":"Identitätskennzeichen:","value":["PL 24141601 EC"]},{"key":"Kontakt:","value":["Danone GmbH","Technologiestraße 10, 1120 Wien, Österreich","+43 (0)1 / 211 57-207"]}],"nutritions":[{"key":"","value":"Unzubereitet"},{"key":" ","value":"100 g"},{"key":"Energie","value":"291 kJ | 69 kcal"},{"key":"Fett","value":"0,9 g"},{"key":"Fett, davon gesättigte Fettsäuren","value":"0,5 g"},{"key":"Kohlenhydrate","value":"11,9 g"},{"key":"Kohlenhydrate, davon Zucker","value":"11,7 g"},{"key":"Eiweiß","value":"3 g"},{"key":"Salz","value":"0,12 g"},{"key":"","value":"Unzubereitet"},{"key":" ","value":"Portion (195 g)"},{"key":"Energie","value":"567 kJ | 134 kcal | 7 %"},{"key":"Fett","value":"1,7 g | 2 %"},{"key":"Fett, davon gesättigte Fettsäuren","value":"1 g | 5 %"},{"key":"Kohlenhydrate","value":"23,2 g | 9 %"},{"key":"Kohlenhydrate, davon Zucker","value":"22,9 g | 25 %"},{"key":"Eiweiß","value":"5,9 g | 12 %"},{"key":"Salz","value":"0,23 g | 4 %"}],"tags":[]},
    {"url":"https://www.interspar.at/shop/lebensmittel/p/2020001960651","data":[{"key":"price","value":"0,59 €"},{"key":"oldPrice","value":"\n\t\t\t\t\t\n\t\t\t\t\tstatt 0,79 €\n\t\t\t\t"},{"key":"pricePerUnit","value":"(3.03 €/kg)"},{"key":"productDetailsName","value":"Danone Activia - Joghurtdrink Pfirsich Mango - 195 G"},{"key":"detailsDescription","value":"195 G"},{"key":"articleNumber","value":"Artikelnummer: 2020001960651"},{"key":"Lagerhinweis:","value":["Bei maximal +8 °C lagern."]},{"key":"Zutaten:","value":["Zutaten: JOGHURTERZEUGNIS, Zucker, Pfirsich 2,5%, Verdickungsmittel Gummi arabicum, Mango 0,6%, natürliche Aromen, färbende Konzentrate Karotte und Apfel, konzentrierte Saflor. Mit Bifidus Kultur ActiRegularis®. Kann glutenhaltige Getreide enthalten. In Großbuchstaben angegebene Zutaten enthalten allergene Inhaltstoffe."]},{"key":"Allergene:","value":["Kann Spuren enthalten von:Glutenhaltiges Getreide und daraus hergestellte Erzeugnisse","Enthält:Milch und daraus gewonnene Erzeugnisse (inkl. Laktose)"]},{"key":"Zubereitung:","value":["VerzehrfertigVerzehrfertig"]},{"key":"Identitätskennzeichen:","value":["PL 24141601 EC"]},{"key":"Kontakt:","value":["Danone GmbH","Technologiestraße 10, 1120 Wien, Österreich","+43 (0)1 / 211 57-207"]}],"nutritions":[{"key":"","value":"Unzubereitet"},{"key":" ","value":"100 g"},{"key":"Energie","value":"279 kJ | 66 kcal"},{"key":"Fett","value":"0,8 g"},{"key":"Fett, davon gesättigte Fettsäuren","value":"0,5 g"},{"key":"Kohlenhydrate","value":"11,3 g"},{"key":"Kohlenhydrate, davon Zucker","value":"11,1 g"},{"key":"Ballaststoffe","value":"0,7 g"},{"key":"Eiweiß","value":"3 g"},{"key":"Salz","value":"0,11 g"},{"key":"","value":"Unzubereitet"},{"key":" ","value":"Portion (195 g)"},{"key":"Energie","value":"544 kJ | 129 kcal | 6 %"},{"key":"Fett","value":"1,6 g | 2 %"},{"key":"Fett, davon gesättigte Fettsäuren","value":"1 g | 5 %"},{"key":"Kohlenhydrate","value":"22 g | 8 %"},{"key":"Kohlenhydrate, davon Zucker","value":"21,6 g | 24 %"},{"key":"Ballaststoffe","value":"1,4 g"},{"key":"Eiweiß","value":"5,8 g | 12 %"},{"key":"Salz","value":"0,21 g | 4 %"}],"tags":[]},
    {"url":"https://www.interspar.at/shop/lebensmittel/p/2020002001759","data":[{"key":"price","value":"1,79 €"},{"key":"oldPrice","value":"\n\t\t\t\t\t\n\t\t\t\t\tstatt 2,17 €\n\t\t\t\t"},{"key":"pricePerUnit","value":"(2.98 €/kg)"},{"key":"productDetailsName","value":"Danone Actimel - Limette Ingwer & Yuzu 6x100g - 600 G"},{"key":"detailsDescription","value":"600 G"},{"key":"articleNumber","value":"Artikelnummer: 2020002001759"},{"key":"Lagerhinweis:","value":["Bei maximal +8 °C lagern."]},{"key":"Zutaten:","value":["Zutaten: JOGHURT, entrahmte MILCH, Zucker, 2% Limettenpüree, Traubenzucker, färbendes Saflorkonzentrat, MOLKENERZEUGNIS, natürliches Aroma, Ingwerpulver, Yuzusaft, Vitamin B6 und D, Kultur Lactobacillus casei. In Großbuchstaben angegebene Zutaten enthalten allergene Inhaltstoffe."]},{"key":"Allergene:","value":["Enthält:Milch und daraus gewonnene Erzeugnisse (inkl. Laktose)"]},{"key":"Zubereitung:","value":["Trinkfertig"]},{"key":"Identitätskennzeichen:","value":["BE M.319 EC"]},{"key":"Zusatzinformation:","value":["Vitamin B6 & D tragen zu einer normalen Funktion des Immunsystems bei."]},{"key":"Verwendungshinweis:","value":["Danone empfiehlt ein Fläschchen täglich."]},{"key":"Kontakt:","value":["Danone GmbH","Technologiestraße 10, 1120 Wien, Österreich","+43 (0)1 / 211 57-207"]}],"nutritions":[{"key":"","value":"Unzubereitet"},{"key":" ","value":"100 g"},{"key":"Energie","value":"305 kJ | 72 kcal | 4 %"},{"key":"Fett","value":"1,5 g | 2 %"},{"key":"Fett, davon gesättigte Fettsäuren","value":"1 g | 5 %"},{"key":"Kohlenhydrate","value":"10,9 g | 4 %"},{"key":"Kohlenhydrate, davon Zucker","value":"10,6 g | 12 %"},{"key":"Eiweiß","value":"2,9 g | 6 %"},{"key":"Salz","value":"0,14 g | 2 %"},{"key":"Vitamin D","value":"0,75 µg | 15 %"},{"key":"Vitamin B 6, Pyridoxin","value":"0,21 mg | 15 %"},{"key":"Kalzium","value":"120 mg | 15 %"}],"tags":["immer Billig"]},
    {"url":"https://www.interspar.at/shop/lebensmittel/p/2020002052416","data":[{"key":"price","value":"0,65 €"},{"key":"oldPrice","value":"\n\t\t\t\t\t\n\t\t\t\t\t \n\t\t\t\t"},{"key":"pricePerUnit","value":"(3.61 €/kg)"},{"key":"productDetailsName","value":"NÖM fasten - Vanillejoghurt auf Erdbeer Schoko - 180 G"},{"key":"detailsDescription","value":"180 G"},{"key":"articleNumber","value":"Artikelnummer: 2020002052416"},{"key":"Lagerhinweis:","value":["gekühlt (3-9°C) lagern."]},{"key":"Zutaten:","value":["Zutaten: JOGHURT mild aus entrahmter MILCH** mit Lactobacillus acidophilus und Bifidobacterium, Wasser, 10% Erdbeeren und Erdbeermark, Fruktosesirup, 1,3% Schokoladenpulver, modifizierte Stärke, färbendes Karottenkonzentrat, Stabilisatoren: Pektine, Guarkernmehl; Süßungsmittel: Sucralose, Acesulfam K; Farbstoff: Carotin, natürliches Vanillearoma, natürliches Aroma. **laut Definition des Österreichischen Lebensmittelcodex für gentechnikfreie Produktion; Kontrolle durch agroVet GmbH. In Großbuchstaben angegebene Zutaten enthalten allergene Inhaltstoffe."]},{"key":"Allergene:","value":["Enthält:Milch und daraus gewonnene Erzeugnisse (inkl. Laktose)"]},{"key":"Identitätskennzeichen:","value":["AT 30960 EG"]},{"key":"Kontakt:","value":["NÖM AG","Vöslauer Straße 109, 2500 Baden, Österreich","www.noemfasten.at","www.noem.at","0800 800 500"]}],"nutritions":[{"key":"","value":"Unzubereitet"},{"key":" ","value":"100 g"},{"key":"Energie","value":"225 kJ | 53 kcal"},{"key":"Fett","value":"0,1 g"},{"key":"Fett, davon gesättigte Fettsäuren","value":"0,06 g"},{"key":"Kohlenhydrate","value":"8,1 g"},{"key":"Kohlenhydrate, davon Zucker","value":"7,1 g"},{"key":"Eiweiß","value":"4,1 g"},{"key":"Salz","value":"0,1 g"},{"key":"","value":"Unzubereitet"},{"key":" ","value":"Portion (180 g)"},{"key":"Energie","value":"405 kJ | 95 kcal | 5 %"},{"key":"Fett","value":"0,2 g | 1 %"},{"key":"Fett, davon gesättigte Fettsäuren","value":"0,1 g | 1 %"},{"key":"Kohlenhydrate","value":"14,6 g | 6 %"},{"key":"Kohlenhydrate, davon Zucker","value":"12,8 g | 14 %"},{"key":"Eiweiß","value":"7,4 g | 15 %"},{"key":"Salz","value":"0,18 g | 3 %"}],"tags":[]},
    {"url":"https://www.interspar.at/shop/lebensmittel/p/2778471","data":[{"key":"price","value":"1,65 €"},{"key":"oldPrice","value":"\n\t\t\t\t\t\n\t\t\t\t\t \n\t\t\t\t"},{"key":"pricePerUnit","value":"(8.25 €/kg)"},{"key":"productDetailsName","value":"Woerle - Salzburger Eckerl Paprika - 200 G"},{"key":"detailsDescription","value":"200 G"},{"key":"articleNumber","value":"Artikelnummer: 2778471"},{"key":"Lagerhinweis:","value":["Trocken lagern."]},{"key":"Zutaten:","value":["Zutaten: KÄSE, Wasser, BUTTER, MAGERMILCHPULVER, 6% Paprikazubereitung (Wasser, Paprikagewürz, Paprikaextrakt, Tomatenmark, Kräuter, Saccarose, Weißweinessig, Gewürzextrakte), Schmelzsalze: E339, E452; SÜSSMOLKENPULVER, Salz, Säuerungsmittel: Citronensäure: Farbstoff: Paprikaextrakt. In Großbuchstaben angegebene Zutaten enthalten allergene Inhaltsstoffe."]},{"key":"Allergene:","value":["Enthält:Milch und daraus gewonnene Erzeugnisse (inkl. Laktose)"]},{"key":"Identitätskennzeichen:","value":["AT 50124 EG"]},{"key":"Kontakt:","value":["Gebrüder Woerle Ges.m.b.H.","Enzing 26, 5302 Henndorf, Österreich","woerle@woerle.at"]}],"nutritions":[{"key":"","value":"Unzubereitet"},{"key":" ","value":"100 g"},{"key":"Energie","value":"1123 kJ | 271 kcal"},{"key":"Fett","value":"23 g"},{"key":"Fett, davon gesättigte Fettsäuren","value":"16,8 g"},{"key":"Kohlenhydrate","value":"4 g"},{"key":"Kohlenhydrate, davon Zucker","value":"4 g"},{"key":"Eiweiß","value":"12 g"},{"key":"Salz","value":"2,25 g"}],"tags":["Glutenfrei"]},
    {"url":"https://www.interspar.at/shop/lebensmittel/p/6673130","data":[{"key":"price","value":"1,99 €"},{"key":"oldPrice","value":"\n\t\t\t\t\t\n\t\t\t\t\t \n\t\t\t\t"},{"key":"pricePerUnit","value":"(4.33 €/kg)"},{"key":"productDetailsName","value":"Danone Dany+Sahne - Bourbon Vanille 4 x 115 g - 460 G"},{"key":"detailsDescription","value":"460 G"},{"key":"articleNumber","value":"Artikelnummer: 6673130"},{"key":"Lagerhinweis:","value":["Kühl bei maximal + 8 °C lagern."]},{"key":"Zutaten:","value":["Zutaten: entrahmte MILCH, SAHNE 20 %, MOLKENERZEUGNIS, Glukose-Fruktosesirup, Zucker, modifizierte Stärke (Maisstärke, WEIZENSTÄRKE), Gelatine, Verdickungsmittel Carrageen, färbende Konzentrate (Kürbis und Karotte), natürliches Bourbon-Vanillearoma, gemahlene extrahierte Vanilleschoten, Emulgator Milchsäureester von Mono- und Diglyceriden von Speisefettsäuren, Stickstoff, Speisesalz. In Großbuchstaben angegebene Zutaten enthalten allergene Inhaltsstoffe."]},{"key":"Allergene:","value":["Kann Spuren enthalten von:Erdnüsse und daraus gewonnene Erzeugnisse, Schalenfrüchte und daraus gewonnene Erzeugnisse, Sojabohnen und daraus gewonnene Erzeugnisse","Enthält:Glutenhaltiges Getreide und daraus hergestellte Erzeugnisse, Milch und daraus gewonnene Erzeugnisse (inkl. Laktose)"]},{"key":"Identitätskennzeichen:","value":["DE BY-601 EG"]},{"key":"Kontakt:","value":["Danone GmbH","Technologiestraße 10, 1120 Wien, Österreich"]}],"nutritions":[{"key":"","value":"Unzubereitet"},{"key":" ","value":"100 g"},{"key":"Energie","value":"558 kJ | 133 kcal | 7 %"},{"key":"Fett","value":"6,1 g | 9 %"},{"key":"Fett, davon gesättigte Fettsäuren","value":"4 g | 21 %"},{"key":"Kohlenhydrate","value":"17 g | 6 %"},{"key":"Kohlenhydrate, davon Zucker","value":"14 g | 16 %"},{"key":"Eiweiß","value":"2,2 g | 5 %"},{"key":"Salz","value":"0,1 g | 2 %"}],"tags":[]},
    {"url":"https://www.interspar.at/shop/lebensmittel/p/7239557","data":[{"key":"price","value":"2,59 €"},{"key":"oldPrice","value":"\n\t\t\t\t\t\n\t\t\t\t\t \n\t\t\t\t"},{"key":"pricePerUnit","value":"(7.97 €/kg)"},{"key":"productDetailsName","value":"Yakult - Original 5 x 65ml - 325 G"},{"key":"detailsDescription","value":"325 G"},{"key":"articleNumber","value":"Artikelnummer: 7239557"},{"key":"Lagerhinweis:","value":["Kühl lagern."]},{"key":"Zutaten:","value":["Zutaten: Wasser, MAGERMILCH, Glukose-Fruktose-Sirup, Zucker, Maltodextrin, Aroma, Lactobacillus casei Shirota. In Großbuchstaben angegebene Zutaten enthalten allergene Inhaltsstoffe."]},{"key":"Allergene:","value":["Enthält:Milch und daraus gewonnene Erzeugnisse (inkl. Laktose)"]},{"key":"Verwendungshinweis:","value":["Am besten gekühlt genießen."]},{"key":"Kontakt:","value":["Yakult Österreich GmbH","Praterstraße 66, 1020 Wien, Österreich"]}],"nutritions":[{"key":"","value":"Unzubereitet"},{"key":" ","value":"100 ml"},{"key":"Energie","value":"280 kJ | 66 kcal"},{"key":"Fett","value":"0 g"},{"key":"Fett, davon gesättigte Fettsäuren","value":"0 g"},{"key":"Kohlenhydrate","value":"15 g"},{"key":"Kohlenhydrate, davon Zucker","value":"14 g"},{"key":"Eiweiß","value":"1,3 g"},{"key":"Salz","value":"0,04 g"},{"key":"","value":"Unzubereitet"},{"key":" ","value":"Portion (65 ml)"},{"key":"Energie","value":"182 kJ | 43 kcal"},{"key":"Fett","value":"0 g"},{"key":"Fett, davon gesättigte Fettsäuren","value":"0 g"},{"key":"Kohlenhydrate","value":"9,6 g"},{"key":"Kohlenhydrate, davon Zucker","value":"9,2 g"},{"key":"Eiweiß","value":"0,9 g"},{"key":"Salz","value":"0,03 g"}],"tags":["Glutenfrei"]},
    {"url":"https://www.interspar.at/shop/lebensmittel/p/1131024","data":[{"key":"price","value":"1,79 €"},{"key":"oldPrice","value":"\n\t\t\t\t\t\n\t\t\t\t\tstatt 2,24 €\n\t\t\t\t"},{"key":"pricePerUnit","value":"(2.98 €/kg)"},{"key":"productDetailsName","value":"Danone Actimel - Natur 0,1% 6 x 100g - 600 G"},{"key":"detailsDescription","value":"600 G"},{"key":"articleNumber","value":"Artikelnummer: 1131024"},{"key":"Lagerhinweis:","value":["Kühl bei maximal +8°C lagern."]},{"key":"Zutaten:","value":["Zutaten: MAGERMILCHJOGHURT, entrahmte MILCH, Wasser, Traubenzucker, Verdickungsmittel Pektin, Süßungsmittel Sucralose und Acesulfam-K, natürliches Aroma, Vitamin B6 und D, Kultur Lactobacillus casei. In Großbuchstaben angegebene Zutaten enthalten allergene Inhaltsstoffe."]},{"key":"Allergene:","value":["Enthält:Milch und daraus gewonnene Erzeugnisse (inkl. Laktose)"]},{"key":"Identitätskennzeichen:","value":["PL 24141601 EC"]},{"key":"Kontakt:","value":["Danone GmbH","Technologiestraße 10, 1120 Wien, Österreich"]}],"nutritions":[{"key":"","value":"Unzubereitet"},{"key":" ","value":"100 g"},{"key":"Energie","value":"122 kJ | 29 kcal | 1 %"},{"key":"Fett","value":"0,1 g"},{"key":"Fett, davon gesättigte Fettsäuren","value":"0,03 g"},{"key":"Kohlenhydrate","value":"3,3 g | 1 %"},{"key":"Kohlenhydrate, davon Zucker","value":"3,3 g | 4 %"},{"key":"Eiweiß","value":"2,8 g | 6 %"},{"key":"Salz","value":"0,1 g | 2 %"},{"key":"Vitamin D","value":"0,75 µg | 15 %"},{"key":"Vitamin B 6, Pyridoxin","value":"0,42 mg | 30 %"}],"tags":["immer Billig"]},
    {"url":"https://www.interspar.at/shop/lebensmittel/p/5579822","data":[{"key":"price","value":"1,69 €"},{"key":"oldPrice","value":"\n\t\t\t\t\t\n\t\t\t\t\t \n\t\t\t\t"},{"key":"pricePerUnit","value":"(4.23 €/kg)"},{"key":"productDetailsName","value":"Danone Fruchtzwerge - Drink Erdbeere 4 x 100g - 400 G"},{"key":"detailsDescription","value":"400 G"},{"key":"articleNumber","value":"Artikelnummer: 5579822"},{"key":"Lagerhinweis:","value":["Kühl bei maximal +8°C lagern."]},{"key":"Zutaten:","value":["Zutaten: JOGHURT, Zucker, Erdbeere, RAHM, färbendes Rote Beete Saftkonzentrat, natürliches Aroma, Calciumcitrate, Vitamin D. In Großbuchstaben angegebene Zutaten enthalten allergene Inhaltsstoffe."]},{"key":"Allergene:","value":["Enthält:Milch und daraus gewonnene Erzeugnisse (inkl. Laktose)"]},{"key":"","value":["Referenzmenge für einen durchschnittlichen Erwachsenen (8400 kJ/2000 kcal)Angabe der Vitamine und Mineralstoffe in Prozent lt. Nährwerttabelle = % der Nährstoffbezugswerte"]},{"key":"Identitätskennzeichen:","value":["BE M.319 EC"]},{"key":"Kontakt:","value":["Danone GmbH","Technologiestraße 10, 1120 Wien, Österreich"]}],"nutritions":[{"key":"","value":"Unzubereitet"},{"key":" ","value":"100 g"},{"key":"Energie","value":"330 kJ | 78 kcal | 4 %"},{"key":"Fett","value":"1,4 g | 2 %"},{"key":"Fett, davon gesättigte Fettsäuren","value":"0,9 g | 5 %"},{"key":"Kohlenhydrate","value":"13,2 g | 5 %"},{"key":"Kohlenhydrate, davon Zucker","value":"12,8 g | 14 %"},{"key":"Eiweiß","value":"2,9 g | 6 %"},{"key":"Salz","value":"0,1 g | 2 %"},{"key":"Vitamin D","value":"0,75 µg | 15 %"},{"key":"Kalzium","value":"120 mg | 15 %"}],"tags":["Glutenfrei"]},
    {"url":"https://www.interspar.at/shop/lebensmittel/p/6997274","data":[{"key":"price","value":"0,99 €"},{"key":"oldPrice","value":"\n\t\t\t\t\t\n\t\t\t\t\t \n\t\t\t\t"},{"key":"pricePerUnit","value":"(3.30 €/kg)"},{"key":"productDetailsName","value":"Danone Activia - Joghurt Drink Waldfrüchte - 300 G"},{"key":"detailsDescription","value":"300 G"},{"key":"articleNumber","value":"Artikelnummer: 6997274"},{"key":"Lagerhinweis:","value":["Kühl bei maximal + 8 °C lagern."]},{"key":"Zutaten:","value":["Zutaten: JOGHURTERZEUGNIS, Zucker, 1,4% Brombeeren, 1,1% Himbeeren, 0,5% Heidelbeeren, Verdickungsmittel Gummi arabicum, färbende Konzentrate (schwarze Karotte, Traube, Holunder), Aromen. Mit Bifidus Kultur ActiRegularis®. In Großbuchstaben angegebene Zutaten enthalten allergene Inhaltsstoffe."]},{"key":"Allergene:","value":["Kann Spuren enthalten von:Glutenhaltiges Getreide und daraus hergestellte Erzeugnisse","Enthält:Milch und daraus gewonnene Erzeugnisse (inkl. Laktose)"]},{"key":"Identitätskennzeichen:","value":["DE BY-119 EG"]},{"key":"Verwendungshinweis:","value":["Vor Verzehr schütteln!"]},{"key":"Kontakt:","value":["Danone GmbH","Technologiestraße 10, 1120 Wien, Österreich"]}],"nutritions":[{"key":"","value":"Unzubereitet"},{"key":" ","value":"100 g"},{"key":"Energie","value":"279 kJ | 66 kcal | 0 %"},{"key":"Fett","value":"0,9 g | 0 %"},{"key":"Fett, davon gesättigte Fettsäuren","value":"0,5 g | 0 %"},{"key":"Kohlenhydrate","value":"11,1 g | 0 %"},{"key":"Kohlenhydrate, davon Zucker","value":"10,9 g | 0 %"},{"key":"Eiweiß","value":"3 g | 0 %"},{"key":"Salz","value":"0,15 g | 0 %"},{"key":"","value":"Unzubereitet"},{"key":" ","value":"Portion (300 g)"},{"key":"Energie","value":"837 kJ | 198 kcal"},{"key":"Fett","value":"2,7 g"},{"key":"Fett, davon gesättigte Fettsäuren","value":"1,5 g"},{"key":"Kohlenhydrate","value":"33,3 g"},{"key":"Kohlenhydrate, davon Zucker","value":"32,7 g"},{"key":"Eiweiß","value":"9 g"},{"key":"Salz","value":"0,45 g"}],"tags":[]},
    {"url":"https://www.interspar.at/shop/lebensmittel/p/2153100","data":[{"key":"price","value":"1,45 €"},{"key":"oldPrice","value":"\n\t\t\t\t\t\n\t\t\t\t\t \n\t\t\t\t"},{"key":"pricePerUnit","value":"(5.80 €/kg)"},{"key":"productDetailsName","value":"S-BUDGET - Schmelzkäse Eckerl Mix 8 Stück - 250 G"},{"key":"detailsDescription","value":"250 G"},{"key":"articleNumber","value":"Artikelnummer: 2153100"},{"key":"Zutaten:","value":["Zutaten: KÄSE 35%, MAGERMILCH, BUTTER, RAHM 10%*, Wasser, MAGERMILCHPULVER, Rinderschinken 6%** (Rindfleisch, Nitritpökelsalz (Salz unjodiert, Konservierungsstoff: Natriumnitrit), Wasser, Knoblauchextrakt), Paprikamarinade 6%*** (Wasser, Paprikagewürzmischung, Tomatenmark, Kräuter, Saccharose, Weißweinessig, Gewürzextrakte, Säuerungsmittel: Citronensäure), Schmelzsalz: Natriumphosphat, Diphosphate, Polyphosphate; SÜSSMOLKENPULVER, Salz unjodiert, Säuerungsmittel Citronensäure, Farbstoff: Paprikaextrakt. *in Sorte Sahne, **in Sorte Schinken,  ***in Sorte Paprika. In Großbuchstaben angegebene Zutaten enthalten allergene Inhaltsstoffe."]},{"key":"Allergene:","value":["Enthält:Milch und daraus gewonnene Erzeugnisse (inkl. Laktose)"]},{"key":"Identitätskennzeichen:","value":["AT 50124 EG"]},{"key":"Ursprungsland/Herkunftsort:","value":["hergestellt in Österreich"]},{"key":"Kontakt:","value":["SPAR Österr. Warenhandels-AG","Europastraße 3, 5015 Salzburg, Österreich"]}],"nutritions":[{"key":"","value":"Unzubereitet"},{"key":" ","value":"100 g"},{"key":"Energie","value":"1123 kJ | 271 kcal"},{"key":"Fett","value":"23 g"},{"key":"Fett, davon gesättigte Fettsäuren","value":"17 g"},{"key":"Kohlenhydrate","value":"4 g"},{"key":"Kohlenhydrate, davon Zucker","value":"4 g"},{"key":"Ballaststoffe","value":"0 g"},{"key":"Eiweiß","value":"12 g"},{"key":"Salz","value":"2,3 g"}],"tags":["Gekühlt","Glutenfrei","immer Billig"]},
    {"url":"https://www.interspar.at/shop/lebensmittel/p/6985837","data":[{"key":"price","value":"1,79 €"},{"key":"oldPrice","value":"\n\t\t\t\t\t\n\t\t\t\t\t \n\t\t\t\t"},{"key":"pricePerUnit","value":"(4.48 €/kg)"},{"key":"productDetailsName","value":"S-BUDGET - Schmelzkäseecken 35% Fett i- Tr. 16 Stück - 400 G"},{"key":"detailsDescription","value":"400 G"},{"key":"articleNumber","value":"Artikelnummer: 6985837"},{"key":"Lagerhinweis:","value":["Trocken lagern."]},{"key":"Zutaten:","value":["Zutaten: KÄSE (36%), Wasser, BUTTER, RAHM (10%), MAGERMILCHPULVER, Schmelzsalze: Polyphosphate, SÜSSMOLKENPULVER, Salz, Säuerungsmittel: Citronensäure. In Großbuchstaben angegebene Zutaten enthalten allergene Inhaltsstoffe."]},{"key":"Allergene:","value":["Enthält:Milch und daraus gewonnene Erzeugnisse (inkl. Laktose)"]},{"key":"","value":["ohne Geschmacksverstärker"]},{"key":"","value":["Ohne Konservierungsstoffe"]},{"key":"Identitätskennzeichen:","value":["AT 50124 EG"]},{"key":"Ursprungsland/Herkunftsort:","value":["Sorgfältig hergestellt in Österreich"]},{"key":"Kontakt:","value":["SPAR Österr. Warenhandels-AG","Europastraße 3, 5015 Salzburg, Österreich"]}],"nutritions":[{"key":"","value":"Unzubereitet"},{"key":" ","value":"100 g"},{"key":"Energie","value":"1123 kJ | 271 kcal"},{"key":"Fett","value":"23 g"},{"key":"Fett, davon gesättigte Fettsäuren","value":"16,8 g"},{"key":"Kohlenhydrate","value":"4 g"},{"key":"Kohlenhydrate, davon Zucker","value":"4 g"},{"key":"Ballaststoffe","value":"0 g"},{"key":"Eiweiß","value":"12 g"},{"key":"Salz","value":"2,25 g"},{"key":"Broteinheiten","value":"0,3 BE"},{"key":"","value":"Unzubereitet"},{"key":" ","value":"Portion (25 g)"},{"key":"Energie","value":"281 kJ | 68 kcal"},{"key":"Fett","value":"5,8 g"},{"key":"Fett, davon gesättigte Fettsäuren","value":"4,2 g"},{"key":"Kohlenhydrate","value":"1 g"},{"key":"Kohlenhydrate, davon Zucker","value":"1 g"},{"key":"Ballaststoffe","value":"0 g"},{"key":"Eiweiß","value":"3 g"},{"key":"Salz","value":"0,56 g"},{"key":"Broteinheiten","value":"0,1 BE"}],"tags":["Gekühlt","Glutenfrei","immer Billig"]},
    {"url":"https://www.interspar.at/shop/lebensmittel/p/1088137","data":[{"key":"price","value":"2,29 €"},{"key":"oldPrice","value":"\n\t\t\t\t\t\n\t\t\t\t\t \n\t\t\t\t"},{"key":"pricePerUnit","value":"(4.16 €/kg)"},{"key":"productDetailsName","value":"SPAR - Hefe-Pizzateig XXL 1 Stück - 550 G"},{"key":"detailsDescription","value":"550 G"},{"key":"articleNumber","value":"Artikelnummer: 1088137"},{"key":"Lagerhinweis:","value":["Vor und nach dem Öffnen gekühlt (+2°C bis +7°C) und vor Licht geschützt aufbewahren. Nach dem Öffnen alsbald verbrauchen."]},{"key":"Zutaten:","value":["Zutaten: WEIZENMEHL, Wasser, Sonnenblumenöl, WEIZENSTÄRKE, Olivenöl (1,2%), Backtriebmittel: Dinatriumdiphosphat, Natriumhydrogencarbonat; Ethylalkohol, Speisesalz unjodiert, Emulgator: Mono- und Diglyceride von Speisefettsäuren; Säuerungsmittel: Citronensäure; Hefe, Antioxidationsmittel: Ascorbinsäure. In Großbuchstaben angegebene Zutaten enthalten allergene Inhaltsstoffe."]},{"key":"Allergene:","value":["Kann Spuren enthalten von:Milch und daraus gewonnene Erzeugnisse (inkl. Laktose)","Enthält:Glutenhaltiges Getreide und daraus hergestellte Erzeugnisse"]},{"key":"","value":["einfach OHNE:ohne Konservierungsstoffeohne Farbstoffzusatz**gem. Zusatzstoffverordnung"]},{"key":"Zubereitung:","value":["BackenBackrohr vorheizen (Heißluft 200°C / Ober- und Unterhitze 220°C), Packung öffnen und den Hefe-Pizzateig mit dem Backpapier auf dem Backblech ausrollen. Pizzateig mit Tomatensauce oder Sugo bestreichen, nach Belieben belegen und würzen. Die Pizza ca. 15 - 20 Minuten backen. Backzeit und Temperatur können je nach Ofenart/Belag leicht variieren.Zubereitungs-Tipp für Pizzastangerl:Den Teig in ca. 2 cm breite Streifen schneiden, mit Olivenöl bestreichen und mit Knoblauch, Oregano, Rosmarin oder Sesam bestreuen. Ca. 7-8 Minuten goldbraun backen (Heißluft 200°C / Ober- und Unterhitze 220°C). Feinschmecker genießen die Pizzastangerl mit einer feinen Dipsauce."]},{"key":"Ursprungsland/Herkunftsort:","value":["Sorgfältig hergestellt in Österreich"]},{"key":"Kontakt:","value":["SPAR Österr. Warenhandels-AG","Europastraße 3, 5015 Salzburg, Österreich"]}],"nutritions":[{"key":" ","value":"100 g"},{"key":"","value":"Unzubereitet"},{"key":"Energie","value":"1149 kJ | 272 kcal"},{"key":"Fett","value":"5,1 g"},{"key":"Fett, davon gesättigte Fettsäuren","value":"1 g"},{"key":"Kohlenhydrate","value":"47 g"},{"key":"Kohlenhydrate, davon Zucker","value":"2,6 g"},{"key":"Ballaststoffe","value":"1,5 g"},{"key":"Eiweiß","value":"8,8 g"},{"key":"Salz","value":"2,4 g"},{"key":"Broteinheiten","value":"3,9 BE"}],"tags":["Lactosefrei"]},
    {"url":"https://www.interspar.at/shop/lebensmittel/p/2020000753872","data":[{"key":"price","value":"2,79 €"},{"key":"oldPrice","value":"\n\t\t\t\t\t\n\t\t\t\t\t \n\t\t\t\t"},{"key":"pricePerUnit","value":"(13.95 €/kg)"},{"key":"productDetailsName","value":"SPAR - Raclette Käse in Scheiben - 200 G"},{"key":"detailsDescription","value":"200 G"},{"key":"articleNumber","value":"Artikelnummer: 2020000753872"},{"key":"Lagerhinweis:","value":["Vor und nach dem Öffnen gekühlt lagern. Nach dem Öffnen innerhalb weniger Tage genießen."]},{"key":"Allergene:","value":["Enthält:Milch und daraus gewonnene Erzeugnisse (inkl. Laktose)"]},{"key":"","value":["einfach OHNE:ohne Aromastoffzusatzohne Farbstoffzusatz"]},{"key":"Identitätskennzeichen:","value":["AT 40153 EG"]},{"key":"Ursprungsland/Herkunftsort:","value":["hergestellt in Österreich"]},{"key":"Kontakt:","value":["SPAR Österr. Warenhandels-AG","Europastraße 3, 5015 Salzburg, Österreich"]}],"nutritions":[{"key":"","value":"Unzubereitet"},{"key":" ","value":"100 g"},{"key":"Energie","value":"1518 kJ | 366 kcal"},{"key":"Fett","value":"30 g"},{"key":"Fett, davon gesättigte Fettsäuren","value":"19 g"},{"key":"Kohlenhydrate","value":"0 g"},{"key":"Kohlenhydrate, davon Zucker","value":"0 g"},{"key":"Ballaststoffe","value":"0 g"},{"key":"Eiweiß","value":"24 g"},{"key":"Salz","value":"2 g"},{"key":"Broteinheiten","value":"0 BE"}],"tags":["Gekühlt"]},
    {"url":"https://www.interspar.at/shop/lebensmittel/p/2020001852352","data":[{"key":"price","value":"1,89 €"},{"key":"oldPrice","value":"\n\t\t\t\t\t\n\t\t\t\t\t \n\t\t\t\t"},{"key":"pricePerUnit","value":"(5.91 €/kg)"},{"key":"productDetailsName","value":"SPAR - Focacciateig 1 Stück - 320 G"},{"key":"detailsDescription","value":"320 G"},{"key":"articleNumber","value":"Artikelnummer: 2020001852352"}],"nutritions":[],"tags":[]},
    {"url":"https://www.interspar.at/shop/lebensmittel/p/6141097","data":[{"key":"price","value":"1,39 €"},{"key":"oldPrice","value":"\n\t\t\t\t\t\n\t\t\t\t\t \n\t\t\t\t"},{"key":"pricePerUnit","value":"(5.79 €/kg)"},{"key":"productDetailsName","value":"SPAR - Croissants ausgerollt 6 Stück - 240 G"},{"key":"detailsDescription","value":"240 G"},{"key":"articleNumber","value":"Artikelnummer: 6141097"},{"key":"Lagerhinweis:","value":["Im Kühlschrank lagern. Nicht einfrieren. Packungsinhalt auf einmal aufbrauchen."]},{"key":"Zutaten:","value":["Zutaten: WEIZENMEHL, Wasser, Margarine (Pflanzliche Öle und Fette (Palm, Raps), Wasser, Emulgator: Mono- und Diglyceride von Speisefettsäuren, Salz, Säuerungsmittel: Citronensäure), WEIZENKLEBER, Backtriebmittel: Diphosphate, Natriumcarbonat; WEIZENDEXTROSE, Zucker, Aroma, Salz, Farbstoff: Carotin, Mehlbehandlungsmittel: Ascorbinsäure. In Großbuchstaben angegebene Zutaten enthalten allergene Inhaltsstoffe."]},{"key":"Allergene:","value":["Kann Spuren enthalten von:Milch und daraus gewonnene Erzeugnisse (inkl. Laktose)","Enthält:Glutenhaltiges Getreide und daraus hergestellte Erzeugnisse"]},{"key":"Zubereitung:","value":["BackenFolie abziehen - Dose öffnet sich selbst - Dose drehen und Teig entnehmen - Teig ausrollen und in Dreiecke trennen - Teig einrollen und Croissants formen - Ofen auf 200°C vorheizen (Umluft auf 180°C) - 15-20 min. direkt auf dem Backblech backen und ofenfrisch genießen.","Keine nähere AngabeEin weiterer Zubereitungs-Tipp von SPAR: Füllen Sie Ihre SPAR Croissants mit Tann Schinken & SPAR Gouda, SPAR Hasolé Haselnussnougat-Creme oder SPAR Marillen-Konfitüre."]},{"key":"Ursprungsland/Herkunftsort:","value":["Sorgfältig hergestellt in Frankreich"]},{"key":"Kontakt:","value":["SPAR Österr. Warenhandels-AG","Europastraße 3, 5015 Salzburg, Österreich"]}],"nutritions":[{"key":"","value":"Unzubereitet"},{"key":" ","value":"100 g"},{"key":"Energie","value":"1421 kJ | 340 kcal"},{"key":"Fett","value":"19 g"},{"key":"Fett, davon gesättigte Fettsäuren","value":"9,4 g"},{"key":"Kohlenhydrate","value":"32 g"},{"key":"Kohlenhydrate, davon Zucker","value":"3,6 g"},{"key":"Ballaststoffe","value":"1,4 g"},{"key":"Eiweiß","value":"8 g"},{"key":"Salz","value":"2 g"},{"key":"Broteinheiten","value":"2,7 BE"}],"tags":[]},
    {"url":"https://www.interspar.at/shop/lebensmittel/p/1049190","data":[{"key":"price","value":"2,99 €"},{"key":"oldPrice","value":"\n\t\t\t\t\t\n\t\t\t\t\t \n\t\t\t\t"},{"key":"pricePerUnit","value":"(11.96 €/kg)"},{"key":"productDetailsName","value":"SPAR PREMIUM Edition Johanna Maier - Ravioli Mozzarella,Tomaten & Basilikum - 250 G"},{"key":"detailsDescription","value":"250 G"},{"key":"articleNumber","value":"Artikelnummer: 1049190"},{"key":"Lagerhinweis:","value":["Vor und nach dem Öffnen gekühlt aufbewahren (max. +7 °C). Nach dem Öffnen innerhalb von 3 Tagen aufbrauchen."]},{"key":"Zutaten:","value":["Zutaten: Füllung (63%): MOZZARELLA, RAHM, RICOTTA MOLKENKÄSE, Tomaten, Semmelbrösel (WEIZENMEHL, Hefe, Salz), MOLKENPULVER, LAKTOSE, GRANA PADANO g.U., natives Olivenöl extra, Sonnenblumenöl, Basilikum 1,4%, getrocknete Tomaten (Tomaten, Salz), Salz. Teigware (37%): WEIZENMEHL, EIER, HARTWEIZENGRIESS. In Großbuchstaben angegebene Zutaten enthalten allergene Inhaltsstoffe."]},{"key":"Allergene:","value":["Enthält:Eier und daraus gewonnene Erzeugnisse, Glutenhaltiges Getreide und daraus hergestellte Erzeugnisse, Milch und daraus gewonnene Erzeugnisse (inkl. Laktose)"]},{"key":"Zubereitung:","value":["Simmern/KöchelnDie SPAR PREMIUM Pasta in heißem, nicht mehr kochendem, leicht gesalzenem Wasser ca. 3 - 4 Minuten zugedeckt ziehen lassen und fertig ist der Pasta-Genuss!"]},{"key":"Identitätskennzeichen:","value":["IT 1015 LCE"]},{"key":"Ursprungsland/Herkunftsort:","value":["Sorgfältig hergestellt in Italien"]},{"key":"Verbrauchen nach dem Öffnen:","value":["3 Tage","3 Tage"]},{"key":"Kontakt:","value":["SPAR Österr. Warenhandels-AG","Europastraße 3, 5015 Salzburg, Österreich"]}],"nutritions":[{"key":" ","value":"100 g"},{"key":"","value":"Unzubereitet"},{"key":"Energie","value":"1176 kJ | 283 kcal"},{"key":"Fett","value":"12 g"},{"key":"Fett, davon gesättigte Fettsäuren","value":"7 g"},{"key":"Kohlenhydrate","value":"31 g"},{"key":"Kohlenhydrate, davon Zucker","value":"6 g"},{"key":"Ballaststoffe","value":"2,2 g"},{"key":"Eiweiß","value":"11 g"},{"key":"Salz","value":"1,3 g"},{"key":"Broteinheiten","value":"2,6 BE"}],"tags":[]},
    {"url":"https://www.interspar.at/shop/lebensmittel/p/1049244","data":[{"key":"price","value":"2,99 €"},{"key":"oldPrice","value":"\n\t\t\t\t\t\n\t\t\t\t\t \n\t\t\t\t"},{"key":"pricePerUnit","value":"(11.96 €/kg)"},{"key":"productDetailsName","value":"SPAR PREMIUM Edition Johanna Maier - Mezzelune mit Spinat & Grana Padano - 250 G"},{"key":"detailsDescription","value":"250 G"},{"key":"articleNumber","value":"Artikelnummer: 1049244"},{"key":"Lagerhinweis:","value":["Vor und nach dem Öffnen gekühlt aufbewahren (max. + 7 °C). Nach dem Öffnen innerhalb von 3 Tagen aufbrauchen."]},{"key":"Zutaten:","value":["Zutaten: Füllung (55%): Spinat, Semmelbrösel (WEIZENMEHL, Hefe, Salz), BUTTER, GRANA PADANO g.U., RICOTTA MOLKENKÄSE, Salz. Teigware (45%): WEIZENMEHL, EIER, HARTWEIZENGRIESS. In Großbuchstaben angegebene Zutaten enthalten allergene Inhaltsstoffe."]},{"key":"Allergene:","value":["Enthält:Eier und daraus gewonnene Erzeugnisse, Glutenhaltiges Getreide und daraus hergestellte Erzeugnisse, Milch und daraus gewonnene Erzeugnisse (inkl. Laktose)"]},{"key":"Zubereitung:","value":["Simmern/KöchelnDie SPAR PREMIUM Pasta in heißem, nicht mehr kochendem, leicht gesalzenem Wasser ca. 3 - 4 Minuten zugedeckt ziehen lassen und fertig ist der Pasta-Genuss!"]},{"key":"Identitätskennzeichen:","value":["IT 1015 LCE"]},{"key":"Ursprungsland/Herkunftsort:","value":["Sorgfältig hergestellt in Italien"]},{"key":"Verbrauchen nach dem Öffnen:","value":["3 Tage"]},{"key":"Kontakt:","value":["SPAR Österr. Warenhandels-AG","Europastraße 3, 5015 Salzburg, Österreich"]}],"nutritions":[{"key":" ","value":"100 g"},{"key":"","value":"Unzubereitet"},{"key":"Energie","value":"1183 kJ | 282 kcal"},{"key":"Fett","value":"12 g"},{"key":"Fett, davon gesättigte Fettsäuren","value":"8,5 g"},{"key":"Kohlenhydrate","value":"32 g"},{"key":"Kohlenhydrate, davon Zucker","value":"1,3 g"},{"key":"Ballaststoffe","value":"3,1 g"},{"key":"Eiweiß","value":"10 g"},{"key":"Salz","value":"1,4 g"},{"key":"Broteinheiten","value":"2,7 BE"}],"tags":[]},
    {"url":"https://www.interspar.at/shop/lebensmittel/p/1049275","data":[{"key":"price","value":"2,99 €"},{"key":"oldPrice","value":"\n\t\t\t\t\t\n\t\t\t\t\t \n\t\t\t\t"},{"key":"pricePerUnit","value":"(11.96 €/kg)"},{"key":"productDetailsName","value":"SPAR PREMIUM Edition Johanna Maier - Triangoli mit Pilzen und Trüffelöl - 250 G"},{"key":"detailsDescription","value":"250 G"},{"key":"articleNumber","value":"Artikelnummer: 1049275"},{"key":"Lagerhinweis:","value":["Vor und nach dem Öffnen gekühlt aufbewahren (max. + 7 °C). Nach dem Öffnen innerhalb von 3 Tagen aufbrauchen."]},{"key":"Zutaten:","value":["Zutaten: Füllung (55%): RICOTTA MOLKENKÄSE, Pilze in veränderlichen Gewichtsanteilen (Champignons, Stockschwämmchen, Shiitake, Austernpilze, Butterpilze), BUTTER, Semmelbrösel (WEIZENMEHL, Hefe, Salz), GRANA PADANO, Steinpilze, Salz, Trüffelöl 0,3% (Olivenöl, weißer Trüffel, Trüffelaroma), natives Olivenöl extra, Sonnenblumenöl, Petersilie, Knoblauch. Teigware (45%): WEIZENMEHL, EIER, HARTWEIZENGRIESS. In Großbuchstaben angegebene Zutaten enthalten allergene Inhaltsstoffe."]},{"key":"Allergene:","value":["Enthält:Eier und daraus gewonnene Erzeugnisse, Glutenhaltiges Getreide und daraus hergestellte Erzeugnisse, Milch und daraus gewonnene Erzeugnisse (inkl. Laktose)"]},{"key":"Zubereitung:","value":["Simmern/KöchelnDie SPAR PREMIUM Pasta in heißem, nicht mehr kochendem, leicht gesalzenem Wasser ca. 4 - 5 Minuten zugedeckt ziehen lassen und fertig ist der Pasta-Genuss!"]},{"key":"Identitätskennzeichen:","value":["IT 1015 LCE"]},{"key":"Ursprungsland/Herkunftsort:","value":["Sorgfältig hergestellt in Italien"]},{"key":"Verbrauchen nach dem Öffnen:","value":["3 Tage"]},{"key":"Kontakt:","value":["SPAR Österr. Warenhandels-AG","Europastraße 3, 5015 Salzburg, Österreich"]}],"nutritions":[{"key":" ","value":"100 g"},{"key":"","value":"Unzubereitet"},{"key":"Energie","value":"1228 kJ | 294 kcal"},{"key":"Fett","value":"14 g"},{"key":"Fett, davon gesättigte Fettsäuren","value":"9,1 g"},{"key":"Kohlenhydrate","value":"31 g"},{"key":"Kohlenhydrate, davon Zucker","value":"0,8 g"},{"key":"Ballaststoffe","value":"3,4 g"},{"key":"Eiweiß","value":"9,5 g"},{"key":"Salz","value":"1,2 g"},{"key":"Broteinheiten","value":"2,6 BE"}],"tags":[]},
    {"url":"https://www.interspar.at/shop/lebensmittel/p/1745153","data":[{"key":"price","value":"2,99 €"},{"key":"oldPrice","value":"\n\t\t\t\t\t\n\t\t\t\t\t \n\t\t\t\t"},{"key":"pricePerUnit","value":"(11.96 €/kg)"},{"key":"productDetailsName","value":"SPAR PREMIUM Edition Johanna Maier - Tortellini mit Prosciutto Crudo - 250 G"},{"key":"detailsDescription","value":"250 G"},{"key":"articleNumber","value":"Artikelnummer: 1745153"},{"key":"Lagerhinweis:","value":["Vor und nach dem Öffnen gekühlt aufbewahren (max. +7°C). Nach dem Öffnen innerhalb von 3 Tagen aufbrauchen."]},{"key":"Zutaten:","value":["Zutaten: Teigware (55%): WEICHWEIZENMEHL, EIER, HARTWEIZENGRIESS. Füllung (45%): Schweinefleisch, Parmaschinken g.U.* (Schweinefleisch, Salz) (20% in der Fülle), Semmelbrösel (WEICHWEIZENMEHL, Hefe, Salz), GRANA PADANO g.U., Rindfleischextrakt, Salz, Gewürze, Knoblauch. *Genehmigung Konsortium Prosciutto di Parma vom 02.05.2014. In Großbuchstaben angegebene Zutaten enthalten allergene Inhaltsstoffe."]},{"key":"Allergene:","value":["Enthält:Eier und daraus gewonnene Erzeugnisse, Glutenhaltiges Getreide und daraus hergestellte Erzeugnisse, Milch und daraus gewonnene Erzeugnisse (inkl. Laktose)"]},{"key":"Zubereitung:","value":["Sieden in kochender FlüssigkeitDie SPAR PREMIUM Pasta in heißem, nicht mehr kochendem, leicht gesalzenem Wasser ca. 1 - 2 Minuten zugedeckt zeihen lassen und fertig ist der Pasta-Genuss!"]},{"key":"Identitätskennzeichen:","value":["IT 1015 L CE"]},{"key":"Zusatztext:","value":["Die Weinempfehlung. Genießen Sie zu den Tortellini einen Tocai friulano."]},{"key":"Ursprungsland/Herkunftsort:","value":["Sorgfältig hergestellt in Italien"]},{"key":"Verbrauchen nach dem Öffnen:","value":["3 Tage"]},{"key":"Kontakt:","value":["SPAR Österr. Warenhandels-AG","Europastraße 3, 5015 Salzburg, Österreich"]}],"nutritions":[{"key":" ","value":"100 g"},{"key":"","value":"Unzubereitet"},{"key":"Energie","value":"1177 kJ | 280 kcal"},{"key":"Fett","value":"10 g"},{"key":"Fett, davon gesättigte Fettsäuren","value":"4,5 g"},{"key":"Kohlenhydrate","value":"33 g"},{"key":"Kohlenhydrate, davon Zucker","value":"1 g"},{"key":"Ballaststoffe","value":"2 g"},{"key":"Eiweiß","value":"14 g"},{"key":"Salz","value":"1,4 g"},{"key":"Broteinheiten","value":"2,7 BE"}],"tags":[]},
    {"url":"https://www.interspar.at/shop/lebensmittel/p/2020000580621","data":[{"key":"price","value":"1,29 €"},{"key":"oldPrice","value":"\n\t\t\t\t\t\n\t\t\t\t\t \n\t\t\t\t"},{"key":"pricePerUnit","value":"(15.36 €/kg)"},{"key":"productDetailsName","value":"Rupp - Mini Muuh 4 Käse Snacks - 84 G"},{"key":"detailsDescription","value":"84 G"},{"key":"articleNumber","value":"Artikelnummer: 2020000580621"},{"key":"Lagerhinweis:","value":["Gekühlt mindestens haltbar bis:"]},{"key":"Zutaten:","value":["Zutaten: KÄSE, Wasser, Schmelzsalze (Natriumcitrate, Calciumphosphate), MILCHEIWEISS, BUTTER, MOLKENPULVER, Aroma, Konservierungsmittel (Sorbinsäure).In Großbuchstaben angegebene Zutaten enthalten allergene Inhaltsstoffe."]},{"key":"Allergene:","value":["Enthält:Milch und daraus gewonnene Erzeugnisse (inkl. Laktose)"]},{"key":"Zubereitung:","value":["Verzehrfertig-","Verzehrfertig-"]},{"key":"Identitätskennzeichen:","value":["AT 80253 EG"]},{"key":"Kontakt:","value":["Rupp AG","Krüzastraße 8, 6912 Hörbranz, Österreich"]}],"nutritions":[{"key":"","value":"Unzubereitet"},{"key":" ","value":"100 g"},{"key":"Energie","value":"1409 kJ | 340 kcal"},{"key":"Fett","value":"27,5 g"},{"key":"Fett, davon gesättigte Fettsäuren","value":"18 g"},{"key":"Kohlenhydrate","value":"1 g"},{"key":"Kohlenhydrate, davon Zucker","value":"1 g"},{"key":"Eiweiß","value":"22 g"},{"key":"Salz","value":"2,75 g"},{"key":"Kalzium","value":"900 mg"}],"tags":["Gekühlt"]},
    {"url":"https://www.interspar.at/shop/lebensmittel/p/2376318","data":[{"key":"price","value":"2,59 €"},{"key":"oldPrice","value":"\n\t\t\t\t\t\n\t\t\t\t\t \n\t\t\t\t"},{"key":"pricePerUnit","value":"(7.97 €/kg)"},{"key":"productDetailsName","value":"Yakult - Plus 5 x 65ml - 325 G"},{"key":"detailsDescription","value":"325 G"},{"key":"articleNumber","value":"Artikelnummer: 2376318"},{"key":"Lagerhinweis:","value":["Kühl lagern."]},{"key":"Zutaten:","value":["Zutaten: Wasser, MAGERMILCH, Maltitsirup, verdauungsresistentes Dextrin (Ballaststoff), Glukose-Fruktosesirup, Aroma, Vitamin C (Ascorbinsäure), Süßungsmittel: Steviolglykoside, Lactobacillus casei Shirota. In Großbuchstaben angegebene Zutaten enthalten allergene Inhaltsstoffe."]},{"key":"Allergene:","value":["Enthält:Milch und daraus gewonnene Erzeugnisse (inkl. Laktose)"]},{"key":"Verwendungshinweis:","value":["Am besten gekühlt genießen."]},{"key":"Kontakt:","value":["Yakult Österreich GmbH","Praterstraße 66, 1020 Wien, Österreich"]}],"nutritions":[{"key":"","value":"Unzubereitet"},{"key":" ","value":"100 ml"},{"key":"Energie","value":"192,8 kJ | 46 kcal"},{"key":"Fett","value":"< 0,1 g"},{"key":"Fett, davon gesättigte Fettsäuren","value":"< 0,1 g"},{"key":"Kohlenhydrate","value":"10,8 g"},{"key":"Kohlenhydrate, davon Zucker","value":"3,9 g"},{"key":"Ballaststoffe","value":"3,2 g"},{"key":"Eiweiß","value":"1,3 g"},{"key":"Salz","value":"0,04 g"},{"key":"Vitamin C","value":"18,5 mg | 23 %"},{"key":"","value":"Unzubereitet"},{"key":" ","value":"Portion (65 g)"},{"key":"Energie","value":"125,3 kJ | 29,9 kcal"},{"key":"Fett","value":"< 0,1 g"},{"key":"Fett, davon gesättigte Fettsäuren","value":"< 0,1 g"},{"key":"Kohlenhydrate","value":"7 g"},{"key":"Kohlenhydrate, davon Zucker","value":"2,5 g"},{"key":"Ballaststoffe","value":"2,1 g"},{"key":"Eiweiß","value":"0,8 g"},{"key":"Salz","value":"0,03 g"},{"key":"Vitamin C","value":"12 mg | 15 %"}],"tags":[]},
    {"url":"https://www.interspar.at/shop/lebensmittel/p/2778464","data":[{"key":"price","value":"1,65 €"},{"key":"oldPrice","value":"\n\t\t\t\t\t\n\t\t\t\t\t \n\t\t\t\t"},{"key":"pricePerUnit","value":"(8.25 €/kg)"},{"key":"productDetailsName","value":"Woerle - Salzburger Eckerl Rahm - 200 G"},{"key":"detailsDescription","value":"200 G"},{"key":"articleNumber","value":"Artikelnummer: 2778464"},{"key":"Lagerhinweis:","value":["Trocken lagern."]},{"key":"Zutaten:","value":["Zutaten: 36% KÄSE, Wasser, BUTTER, 10% RAHM, MAGERMILCHPULVER, Schmelzsalze: E339, E452; SÜSSMOLKENPULVER, Salz, Säuerungsmittel: Citronensäure. In Großbuchstaben angegebene Zutaten enthalten allergene Inhaltsstoffe."]},{"key":"Allergene:","value":["Enthält:Milch und daraus gewonnene Erzeugnisse (inkl. Laktose)"]},{"key":"Identitätskennzeichen:","value":["AT 50124 EG"]},{"key":"Kontakt:","value":["Gebrüder Woerle Ges.m.b.H.","Enzing 26, 5302 Henndorf, Österreich","woerle@woerle.at"]}],"nutritions":[{"key":"","value":"Unzubereitet"},{"key":" ","value":"100 g"},{"key":"Energie","value":"1123 kJ | 271 kcal"},{"key":"Fett","value":"23 g"},{"key":"Fett, davon gesättigte Fettsäuren","value":"16,8 g"},{"key":"Kohlenhydrate","value":"4 g"},{"key":"Kohlenhydrate, davon Zucker","value":"4 g"},{"key":"Eiweiß","value":"12 g"},{"key":"Salz","value":"2,25 g"}],"tags":["Glutenfrei"]},
    {"url":"https://www.interspar.at/shop/lebensmittel/p/295376","data":[{"key":"price","value":"1,89 €"},{"key":"oldPrice","value":"\n\t\t\t\t\t\n\t\t\t\t\t \n\t\t\t\t"},{"key":"pricePerUnit","value":"(12.60 €/kg)"},{"key":"productDetailsName","value":"Alma - Sortiment - 150 G"},{"key":"detailsDescription","value":"150 G"},{"key":"articleNumber","value":"Artikelnummer: 295376"},{"key":"Lagerhinweis:","value":["Gekühlt lagern."]},{"key":"Zutaten:","value":["Zutaten:Alma Creme: KÄSE, MAGERMILCHKONZENTRAT, Wasser, BUTTER, Schmelzsalze (Diphosphate, Polyphosphate, Natriumphosphate), Säureregulator (Citronensäure).Alma Schinken: KÄSE, MAGERMILCHKONZENTRAT, Wasser, Rauchschinken 8% (Schweinefleisch, Wasser, Nitrit Pökelsalz (Kochsalz, Konservierungsmittel: Natriumnitrit), Gewürzextrakte, Maltodextrin, Stabilisatoren (Dinatriumdiphosphat, Natriumtriphosphat), Säureregulator (Natriumcarbonate), Antioxidationsmittel (Natriumascorbat), Gewürze, Aromen, Rauch), geräucherte BUTTER, Schmelzsalze (Diphosphate, Polyphosphate, Natriumphosphate, Calciumphosphate), Kochsalz, Säureregulator (Citronensäure).Alma Pikant: KÄSE, MAGERMILCHKONZENTRAT, Wasser, BUTTER, Gurken (8%), Paprika (3%), Schmelzsalze (Diphosphate, Polyphosphate, Natriumphosphate), Pfefferoni, Säuerungsmittel (Citronensäure), Weingeistessig, Paprikagewürzmischung (Paprika, Chili, Pfeffer, Zucker, Kochsalz, Aroma), Kochsalz, Farbstoff (Paprikaextrakt, Carotin), Antioxidationsmittel (Ascorbinsäure), Säureregulator (Citronensäure).Alma Rahm: KÄSE, Wasser, BUTTER, MAGERMILCHKONZENTRAT, Schmelzsalze (Diphosphate, Polyphosphate, Natriumphosphate), MILCHEIWEISS, Kochsalz, Säureregulator (Citronensäure). In Großbuchstaben angegebene Zutaten enthalten allergene Inhaltsstoffe."]},{"key":"Allergene:","value":["Enthält:Milch und daraus gewonnene Erzeugnisse (inkl. Laktose)"]},{"key":"Identitätskennzeichen:","value":["AT 80253 EG"]},{"key":"Kontakt:","value":["Alma","Krüzastrasse 8, 6912 Hörbranz, Österreich"]}],"nutritions":[{"key":"","value":"Unzubereitet"},{"key":" ","value":"100 g"},{"key":"Energie","value":"1029 kJ | 248 kcal"},{"key":"Fett","value":"20 g"},{"key":"Fett, davon gesättigte Fettsäuren","value":"13 g"},{"key":"Kohlenhydrate","value":"5,5 g"},{"key":"Kohlenhydrate, davon Zucker","value":"5,5 g"},{"key":"Eiweiß","value":"11,5 g"},{"key":"Salz","value":"2 g"},{"key":"","value":"Unzubereitet"},{"key":" ","value":"100 g"},{"key":"Energie","value":"995 kJ | 240 kcal"},{"key":"Fett","value":"20 g"},{"key":"Fett, davon gesättigte Fettsäuren","value":"13 g"},{"key":"Kohlenhydrate","value":"4 g"},{"key":"Kohlenhydrate, davon Zucker","value":"4 g"},{"key":"Eiweiß","value":"11 g"},{"key":"Salz","value":"2,75 g"},{"key":"","value":"Unzubereitet"},{"key":" ","value":"100 g"},{"key":"Energie","value":"1175 kJ | 284 kcal"},{"key":"Fett","value":"26 g"},{"key":"Fett, davon gesättigte Fettsäuren","value":"17 g"},{"key":"Kohlenhydrate","value":"2,5 g"},{"key":"Kohlenhydrate, davon Zucker","value":"2,5 g"},{"key":"Eiweiß","value":"10 g"},{"key":"Salz","value":"2,25 g"},{"key":"","value":"Unzubereitet"},{"key":" ","value":"100 g"},{"key":"Energie","value":"932 kJ | 224 kcal"},{"key":"Fett","value":"16 g"},{"key":"Fett, davon gesättigte Fettsäuren","value":"10 g"},{"key":"Kohlenhydrate","value":"6 g"},{"key":"Kohlenhydrate, davon Zucker","value":"6 g"},{"key":"Eiweiß","value":"14 g"},{"key":"Salz","value":"2,75 g"}],"tags":[]},
    {"url":"https://www.interspar.at/shop/lebensmittel/p/302807","data":[{"key":"price","value":"1,89 €"},{"key":"oldPrice","value":"\n\t\t\t\t\t\n\t\t\t\t\t \n\t\t\t\t"},{"key":"pricePerUnit","value":"(12.60 €/kg)"},{"key":"productDetailsName","value":"Alma - Schmelzkäse Schinken - 150 G"},{"key":"detailsDescription","value":"150 G"},{"key":"articleNumber","value":"Artikelnummer: 302807"},{"key":"Lagerhinweis:","value":["Gekühlt lagern."]},{"key":"Zutaten:","value":["Zutaten: KÄSE, MAGERMILCHKONZENTRAT, Wasser, Rauchschinken 8% (Schweinefleisch, Wasser, Nitrit Pökelsalz (Kochsalz, Konservierungsmittel: Natriumnitrit), Gewürzextrakte, Maltodextrin, Stabilisatoren (Dinatriumdiphosphat, Natriumtriphosphat), Säureregulator (Natriumcarbonate), Antioxidationsmittel (Natriumascorbat), Gewürze, Aromen, Rauch), BUTTER, Schmelzsalze (Diphosphate, Polyphosphate, Natriumphosphate, Calciumphosphate), Kochsalz, Farbstoff (E160a), Säureregulator (Milchsäure). In Großbuchstaben angegebene Zutaten enthalten allergene Inhaltsstoffe."]},{"key":"Allergene:","value":["Enthält:Milch und daraus gewonnene Erzeugnisse (inkl. Laktose)"]},{"key":"Identitätskennzeichen:","value":["AT 80253 EG"]},{"key":"Kontakt:","value":["Alma","Krüzastrasse 8, 6912 Hörbranz, Österreich"]}],"nutritions":[{"key":"","value":"Unzubereitet"},{"key":" ","value":"100 g"},{"key":"Energie","value":"878 kJ | 211 kcal"},{"key":"Fett","value":"15 g"},{"key":"Fett, davon gesättigte Fettsäuren","value":"10 g"},{"key":"Kohlenhydrate","value":"5 g"},{"key":"Kohlenhydrate, davon Zucker","value":"5 g"},{"key":"Eiweiß","value":"14 g"},{"key":"Salz","value":"3 g"}],"tags":[]},
    {"url":"https://www.interspar.at/shop/lebensmittel/p/4007913","data":[{"key":"price","value":"0,84 €"},{"key":"oldPrice","value":"\n\t\t\t\t\t\n\t\t\t\t\t \n\t\t\t\t"},{"key":"pricePerUnit","value":"(16.90 €/kg)"},{"key":"productDetailsName","value":"Tirol Milch - Felsenkellerkäse - 1 KG"},{"key":"detailsDescription","value":"1 KG"},{"key":"articleNumber","value":"Artikelnummer: 4007913"},{"key":"Lagerhinweis:","value":["Gekühlt lagern bei +3° - 6°C."]},{"key":"Zutaten:","value":["Zutaten: pasteurisierte MILCH, Salz, Milchsäurekultur, Lab. In Großbuchstaben angegebene Zutaten enthalten allergene Inhaltsstoffe."]},{"key":"Allergene:","value":["Enthält:Milch und daraus gewonnene Erzeugnisse (inkl. Laktose)"]},{"key":"Identitätskennzeichen:","value":["AT 40153 EG"]},{"key":"Ursprungsland/Herkunftsort:","value":["Österreich"]},{"key":"Kontakt:","value":["Berglandmilch eGen","Geinberg, 4600 Wels, Österreich"]}],"nutritions":[{"key":"","value":"Unzubereitet"},{"key":" ","value":"100 g"},{"key":"Energie","value":"1774 kJ | 728 kcal"},{"key":"Fett","value":"36 g"},{"key":"Fett, davon gesättigte Fettsäuren","value":"19 g"},{"key":"Kohlenhydrate","value":"0 g"},{"key":"Kohlenhydrate, davon Zucker","value":"0 g"},{"key":"Ballaststoffe","value":"0 g"},{"key":"Eiweiß","value":"26 g"},{"key":"Salz","value":"0 g"}],"tags":["Gekühlt","Glutenfrei","Lactosefrei"]},
    {"url":"https://www.interspar.at/shop/lebensmittel/p/4086505","data":[{"key":"price","value":"1,65 €"},{"key":"oldPrice","value":"\n\t\t\t\t\t\n\t\t\t\t\t \n\t\t\t\t"},{"key":"pricePerUnit","value":"(8.25 €/kg)"},{"key":"productDetailsName","value":"Woerle - Salzburger Eckerl Fein & Leicht - 200 G"},{"key":"detailsDescription","value":"200 G"},{"key":"articleNumber","value":"Artikelnummer: 4086505"},{"key":"Lagerhinweis:","value":["Trocken lagern."]},{"key":"Zutaten:","value":["Zutaten: 54% KÄSE, Wasser, MAGERMILCHPULVER, Schmelzsalze: E339, E452; SÜSSMOLKENPULVER, Salz, Säuerungsmittel: Citronensäure. In Großbuchstaben angegebene Zutaten enthalten allergene Inhaltsstoffe."]},{"key":"Allergene:","value":["Enthält:Milch und daraus gewonnene Erzeugnisse (inkl. Laktose)"]},{"key":"Identitätskennzeichen:","value":["AT 50124 EG"]},{"key":"Kontakt:","value":["Gebrüder Woerle Ges.m.b.H.","Enzing 26, 5302 Henndorf, Österreich","woerle@woerle.at"]}],"nutritions":[{"key":"","value":"Unzubereitet"},{"key":" ","value":"100 g"},{"key":"Energie","value":"761 kJ | 182 kcal"},{"key":"Fett","value":"10 g"},{"key":"Fett, davon gesättigte Fettsäuren","value":"7,3 g"},{"key":"Kohlenhydrate","value":"5 g"},{"key":"Kohlenhydrate, davon Zucker","value":"5 g"},{"key":"Eiweiß","value":"18 g"},{"key":"Salz","value":"2,25 g"}],"tags":["Glutenfrei"]},
    {"url":"https://www.interspar.at/shop/lebensmittel/p/5254873","data":[{"key":"price","value":"2,15 €"},{"key":"oldPrice","value":"\n\t\t\t\t\t\n\t\t\t\t\t \n\t\t\t\t"},{"key":"pricePerUnit","value":"(17.92 €/kg)"},{"key":"productDetailsName","value":"Kiri - mit Sahne 6 Portionen - 120 G"},{"key":"detailsDescription","value":"120 G"},{"key":"articleNumber","value":"Artikelnummer: 5254873"},{"key":"Lagerhinweis:","value":["Nach dem Kauf gekühlt aufbewahren."]},{"key":"Zutaten:","value":["Zutaten: FRISCHKÄSE (50%), SAHNE (27%), Trinkwasser, MILCHEIWEISS, Schmelzsalze: E341, E452, E339, E331; Speisesalz, MILCHMINERALKONZENTRAT, Verdickungsmittel: Carrageen. In Großbuchstaben angegebene Zutaten enthalten allergene Inhaltsstoffe."]},{"key":"Allergene:","value":["Enthält:Milch und daraus gewonnene Erzeugnisse (inkl. Laktose)"]},{"key":"","value":["Mit Kalzium"]},{"key":"Identitätskennzeichen:","value":["FR 72.264.001 CE"]},{"key":"Kontakt:","value":["Fromageries Bel Österreich","Wehlistraße 27b, Stiege 1, Tür 6, 1200 Wien, Österreich"]}],"nutritions":[{"key":"","value":"Unzubereitet"},{"key":" ","value":"100 g"},{"key":"Energie","value":"1280 kJ | 310 kcal"},{"key":"Fett","value":"29,5 g"},{"key":"Fett, davon gesättigte Fettsäuren","value":"20 g"},{"key":"Kohlenhydrate","value":"2 g"},{"key":"Kohlenhydrate, davon Zucker","value":"2 g"},{"key":"Eiweiß","value":"9 g"},{"key":"Salz","value":"1,4 g"},{"key":"Vitamin A","value":"180 µg | 23 %"},{"key":"Kalzium","value":"500 mg | 63 %"},{"key":"","value":"Unzubereitet"},{"key":" ","value":"Portion (20 g)"},{"key":"Energie","value":"256 kJ | 62 kcal"},{"key":"Fett","value":"5,9 g"},{"key":"Fett, davon gesättigte Fettsäuren","value":"4 g"},{"key":"Kohlenhydrate","value":"0,4 g"},{"key":"Kohlenhydrate, davon Zucker","value":"0,4 g"},{"key":"Eiweiß","value":"1,8 g"},{"key":"Salz","value":"0,28 g"},{"key":"Vitamin A","value":"36 µg | 5 %"},{"key":"Kalzium","value":"100 mg | 13 %"}],"tags":["Glutenfrei"]},
    {"url":"https://www.interspar.at/shop/lebensmittel/p/5281312","data":[{"key":"price","value":"1,14 €"},{"key":"oldPrice","value":"\n\t\t\t\t\t\n\t\t\t\t\t \n\t\t\t\t"},{"key":"pricePerUnit","value":"(22.90 €/kg)"},{"key":"productDetailsName","value":"Rupp - Premium Bergkäse - 1 KG"},{"key":"detailsDescription","value":"1 KG"},{"key":"articleNumber","value":"Artikelnummer: 5281312"},{"key":"Lagerhinweis:","value":["Vor und nach dem Öffnen gekühlt (4°C bis 8°C) lagern. Nach dem Öffnen alsbald verbrauchen."]},{"key":"Zutaten:","value":["Zutaten: ROHMILCH, Käsereikulturen, Salz unjodiert, natürliches Lab. In Großbuchstaben angegebene Zutaten enthalten allergene Inhaltsstoffe."]},{"key":"Allergene:","value":["Enthält:Milch und daraus gewonnene Erzeugnisse (inkl. Laktose)"]},{"key":"","value":["Laktosefrei"]},{"key":"Zusatztext:","value":["Mindestens 10 Monate gereift."]},{"key":"Ursprungsland/Herkunftsort:","value":["Österreich"]},{"key":"Kontakt:","value":["Rupp AG","Krüzastrasse 8, 6912 Hörbranz, Österreich"]}],"nutritions":[{"key":"","value":"Unzubereitet"},{"key":" ","value":"100 g"},{"key":"Energie","value":"1717 kJ | 414 kcal"},{"key":"Fett","value":"34 g"},{"key":"Fett, davon gesättigte Fettsäuren","value":"22 g"},{"key":"Kohlenhydrate","value":"0 g"},{"key":"Kohlenhydrate, davon Zucker","value":"0 g"},{"key":"Eiweiß","value":"27 g"},{"key":"Salz","value":"1,8 g"}],"tags":["Gekühlt","Lactosefrei"]},
    {"url":"https://www.interspar.at/shop/lebensmittel/p/7702952","data":[{"key":"price","value":"0,95 €"},{"key":"oldPrice","value":"\n\t\t\t\t\t\n\t\t\t\t\t \n\t\t\t\t"},{"key":"pricePerUnit","value":"(18.90 €/kg)"},{"key":"productDetailsName","value":"Walserstolz - Unser Würziger - 1 KG"},{"key":"detailsDescription","value":"1 KG"},{"key":"articleNumber","value":"Artikelnummer: 7702952"},{"key":"Lagerhinweis:","value":["Gekühlt lagern bei +2°C bis +7°C."]},{"key":"Zutaten:","value":["Zutaten: ROHMILCH, Salz, Käsereikulturen, Lab. Rinde nicht zum Verzehr geeignet. In Großbuchstaben angegebene Zutaten enthalten allergene Inhaltsstoffe."]},{"key":"Allergene:","value":["Enthält:Milch und daraus gewonnene Erzeugnisse (inkl. Laktose)"]},{"key":"Identitätskennzeichen:","value":["AT 80129 EG"]},{"key":"Ursprungsland/Herkunftsort:","value":["Österreich"]},{"key":"Kontakt:","value":["Emmi Österreich GmbH","Illweg 8, 6714 Nüziders, Österreich"]}],"nutritions":[{"key":"","value":"Unzubereitet"},{"key":" ","value":"100 g"},{"key":"Energie","value":"1822 kJ | 434 kcal"},{"key":"Fett","value":"35 g"},{"key":"Fett, davon gesättigte Fettsäuren","value":"22 g"},{"key":"Kohlenhydrate","value":"< 0,1 g"},{"key":"Kohlenhydrate, davon Zucker","value":"< 0,1 g"},{"key":"Eiweiß","value":"31 g"},{"key":"Salz","value":"1,4 g"}],"tags":["Gekühlt","Glutenfrei","Lactosefrei"]},
    {"url":"https://www.interspar.at/shop/lebensmittel/p/7706288","data":[{"key":"price","value":"2,09 €"},{"key":"oldPrice","value":"\n\t\t\t\t\t\n\t\t\t\t\t \n\t\t\t\t"},{"key":"pricePerUnit","value":"(13.93 €/kg)"},{"key":"productDetailsName","value":"Rupp - S'beschte Sortiment 8 Portionen - 150 G"},{"key":"detailsDescription","value":"150 G"},{"key":"articleNumber","value":"Artikelnummer: 7706288"},{"key":"Lagerhinweis:","value":["Gekühlt lagern!"]},{"key":"Zutaten:","value":["Zutaten: Schnittlauch: KÄSE, Wasser, BUTTER, MOLKENPULVER, Schmelzsalze (Dinatriumphosphat, Natriumpolyphosphat), MILCHEIWEISS, Zwiebel, Schnittlauch, Knoblauch. Schinken-Pfeffer: KÄSE, Wasser, Schinken 9% (Schweinefleisch, Wasser, Kochsalz, Kartoffelstärke, Pflanzeneiweiß, Stabilisatoren (Diphosphate, Triphosphate), Verdickungsmittel (Carrageen), Kräuter, Aroma, Antioxidationsmittel (Natriumascorbat), Konservierungsmittel (Natriumnitrit), Rauch), BUTTER, MOLKENPULVER, MILCHEIWEISS, Schmelzsalze (Dinatriumdiphosphat, Natriumpolyphosphat, Tricalciumphosphat), Gewürze, Pfeffer. Puszta-Paprika: KÄSE, Wasser, BUTTER, MOLKENPULVER, Gurken (5%), Paprika (4%), MILCHEIWEISS, Schmelzsalze (Dinatriumdiphosphat, Natriumpolyphosphat, Trinatriumphosphat), Kräuter, Gewürze, Kochsalz, Säureregulator (Natriumcarbonate), Branntweinessig, Zucker, natürliche Aromen, Säuerungsmittel (Citronensäure). Rahm: KÄSE, Wasser, BUTTER, MOLKENPULVER, Schmelzsalze (Dinatriumdiphosphat, Natriumpolyphosphat), MILCHEIWEISS, Kochsalz. In Großbuchstaben angegebene Zutaten enthalten allergene Inhaltsstoffe."]},{"key":"Allergene:","value":["Enthält:Milch und daraus gewonnene Erzeugnisse (inkl. Laktose)"]},{"key":"Identitätskennzeichen:","value":["AT 80253 EG"]},{"key":"Kontakt:","value":["Rupp AG","Krüzastraße 8, 6912 Hörbranz, Österreich"]}],"nutritions":[{"key":"","value":"Unzubereitet"},{"key":" ","value":"100 g"},{"key":"Energie","value":"1069 kJ | 258 kcal"},{"key":"Fett","value":"22 g"},{"key":"Fett, davon gesättigte Fettsäuren","value":"14 g"},{"key":"Kohlenhydrate","value":"4 g"},{"key":"Kohlenhydrate, davon Zucker","value":"4 g"},{"key":"Eiweiß","value":"11 g"},{"key":"Salz","value":"2,75 g"},{"key":"","value":"Unzubereitet"},{"key":" ","value":"100 g"},{"key":"Energie","value":"1254 kJ | 303 kcal"},{"key":"Fett","value":"27 g"},{"key":"Fett, davon gesättigte Fettsäuren","value":"17 g"},{"key":"Kohlenhydrate","value":"5 g"},{"key":"Kohlenhydrate, davon Zucker","value":"5 g"},{"key":"Eiweiß","value":"10 g"},{"key":"Salz","value":"2,25 g"},{"key":"","value":"Unzubereitet"},{"key":" ","value":"100 g"},{"key":"Energie","value":"881 kJ | 212 kcal"},{"key":"Fett","value":"16 g"},{"key":"Fett, davon gesättigte Fettsäuren","value":"10 g"},{"key":"Kohlenhydrate","value":"4 g"},{"key":"Kohlenhydrate, davon Zucker","value":"4 g"},{"key":"Eiweiß","value":"13 g"},{"key":"Salz","value":"2,5 g"},{"key":"","value":"Unzubereitet"},{"key":" ","value":"100 g"},{"key":"Energie","value":"1274 kJ | 308 kcal"},{"key":"Fett","value":"28 g"},{"key":"Fett, davon gesättigte Fettsäuren","value":"18 g"},{"key":"Kohlenhydrate","value":"4 g"},{"key":"Kohlenhydrate, davon Zucker","value":"4 g"},{"key":"Eiweiß","value":"10 g"},{"key":"Salz","value":"2,25 g"}],"tags":["Gekühlt"]},
    {"url":"https://www.interspar.at/shop/lebensmittel/p/7706592","data":[{"key":"price","value":"1,75 €"},{"key":"oldPrice","value":"\n\t\t\t\t\t\n\t\t\t\t\t \n\t\t\t\t"},{"key":"pricePerUnit","value":"(8.75 €/kg)"},{"key":"productDetailsName","value":"Woerle - Salzburger Eckerl Trio - 200 G"},{"key":"detailsDescription","value":"200 G"},{"key":"articleNumber","value":"Artikelnummer: 7706592"},{"key":"Lagerhinweis:","value":["Trocken lagern."]},{"key":"Zutaten:","value":["Zutaten: Rahm & Paprika: KÄSE, MAGERMILCH, BUTTER, 10% RAHM (bei Sorte Rahm), 6% Paprikamarinade in Sorte Paprika (Wasser, Paprikagewürz, Tomatenmark, Kräuter, Saccharose, Weißweinessig, Gewürzextrakte), MAGERMILCHPULVER, Schmelzsalze (E339, E450, E452), SÜßMOLKENPULVER, Wasser, Speisesalz, Säuerungsmittel: Citronensäure; Farbstoff: Paprikaextrakt. Fein & Leicht: KÄSE, MAGERMILCH, Schmelzsalze (E339, E450, E452), SÜSSMOLKENPULVER, Wasser, MAGERMILCHPULVER, Salz, Säuerungsmittel: Citronensäure. In Großbuchstaben angegebene Zutaten enthalten allergene Inhaltsstoffe."]},{"key":"Allergene:","value":["Enthält:Milch und daraus gewonnene Erzeugnisse (inkl. Laktose)"]},{"key":"Identitätskennzeichen:","value":["AT 50124 EG"]},{"key":"Kontakt:","value":["Gebrüder Woerle Ges.m.b.H.","Enzing 26, 5302 Henndorf, Österreich","woerle@woerle.at"]}],"nutritions":[{"key":"","value":"Unzubereitet"},{"key":" ","value":"100 g"},{"key":"Energie","value":"678 kJ | 162 kcal"},{"key":"Fett","value":"9 g"},{"key":"Fett, davon gesättigte Fettsäuren","value":"6,2 g"},{"key":"Kohlenhydrate","value":"5,2 g"},{"key":"Kohlenhydrate, davon Zucker","value":"3,9 g"},{"key":"Eiweiß","value":"15,1 g"},{"key":"Salz","value":"2,6 g"},{"key":"","value":"Unzubereitet"},{"key":" ","value":"100 g"},{"key":"Energie","value":"1123 kJ | 271 kcal"},{"key":"Fett","value":"23 g"},{"key":"Fett, davon gesättigte Fettsäuren","value":"16,8 g"},{"key":"Kohlenhydrate","value":"4 g"},{"key":"Kohlenhydrate, davon Zucker","value":"4 g"},{"key":"Eiweiß","value":"12 g"},{"key":"Salz","value":"2,3 g"}],"tags":["Glutenfrei"]},
    {"url":"https://www.interspar.at/shop/lebensmittel/p/7708794","data":[{"key":"price","value":"1,89 €"},{"key":"oldPrice","value":"\n\t\t\t\t\t\n\t\t\t\t\t \n\t\t\t\t"},{"key":"pricePerUnit","value":"(12.60 €/kg)"},{"key":"productDetailsName","value":"Alma - Schmelzkäse Pikant - 150 G"},{"key":"detailsDescription","value":"150 G"},{"key":"articleNumber","value":"Artikelnummer: 7708794"},{"key":"Lagerhinweis:","value":["Gekühlt lagern."]},{"key":"Zutaten:","value":["Zutaten: KÄSE, MAGERMILCHKONZENTRAT, Wasser, BUTTER, Gurken (8%), Paprika (3%), Schmelzsalze (Diphosphate, Polyphosphate, Natriumphosphate), Pfefferoni, Säuerungsmittel (Citronensäure), Weingeistessig, Paprikagewürzmischung (Paprika, Chili, Pfeffer, Zucker, Kochsalz, Aroma), Kochsalz, Farbstoff (Paprikaextrakt, Carotin), Antioxidationsmittel (Ascorbinsäure), Säureregulator (Citronensäure). In Großbuchstaben angegebene Zutaten enthalten allergene Inhaltsstoffe."]},{"key":"Allergene:","value":["Enthält:Milch und daraus gewonnene Erzeugnisse (inkl. Laktose)"]},{"key":"Identitätskennzeichen:","value":["AT 80253 EG"]},{"key":"Kontakt:","value":["Alma","Krüzastraße 8, 6912 Hörbranz, Österreich"]}],"nutritions":[{"key":"","value":"Unzubereitet"},{"key":" ","value":"100 g"},{"key":"Energie","value":"995 kJ | 240 kcal"},{"key":"Fett","value":"20 g"},{"key":"Fett, davon gesättigte Fettsäuren","value":"13 g"},{"key":"Kohlenhydrate","value":"4 g"},{"key":"Kohlenhydrate, davon Zucker","value":"4 g"},{"key":"Eiweiß","value":"11 g"},{"key":"Salz","value":"2,75 g"}],"tags":[]},
    {"url":"https://www.interspar.at/shop/lebensmittel/p/7708954","data":[{"key":"price","value":"1,99 €"},{"key":"oldPrice","value":"\n\t\t\t\t\t\n\t\t\t\t\tstatt 2,49 €\n\t\t\t\t"},{"key":"pricePerUnit","value":"(9.95 €/kg)"},{"key":"productDetailsName","value":"Rupp - Enzian Schmelzkäse - 200 G"},{"key":"detailsDescription","value":"200 G"},{"key":"articleNumber","value":"Artikelnummer: 7708954"},{"key":"Lagerhinweis:","value":["Gekühlt lagern!"]},{"key":"Zutaten:","value":["Zutaten: KÄSE, MAGERMILCHKONZENTRAT, Wasser, Schmelzsalze (Diphosphate, Polyphosphate, Calciumphosphate), Säureregulator (Natriumcarbonate, Citronensäure). In Großbuchstaben angegebene Zutaten enthalten allergene Inhaltsstoffe."]},{"key":"Allergene:","value":["Enthält:Milch und daraus gewonnene Erzeugnisse (inkl. Laktose)"]},{"key":"Identitätskennzeichen:","value":["AT 80253 EG"]},{"key":"Kontakt:","value":["Rupp AG","Krüzastrasse 8, 6912 Hörbranz, Österreich"]}],"nutritions":[{"key":" ","value":"100 g"},{"key":"","value":"Unzubereitet"},{"key":"Energie","value":"764 kJ | 183 kcal"},{"key":"Fett","value":"11 g"},{"key":"Fett, davon gesättigte Fettsäuren","value":"7 g"},{"key":"Kohlenhydrate","value":"4 g"},{"key":"Kohlenhydrate, davon Zucker","value":"4 g"},{"key":"Eiweiß","value":"17 g"},{"key":"Salz","value":"2,25 g"}],"tags":["Gekühlt"]},
    {"url":"https://www.interspar.at/shop/lebensmittel/p/7713484","data":[{"key":"price","value":"1,89 €"},{"key":"oldPrice","value":"\n\t\t\t\t\t\n\t\t\t\t\t \n\t\t\t\t"},{"key":"pricePerUnit","value":"(12.60 €/kg)"},{"key":"productDetailsName","value":"Alma - Schmelzkäse Rahm - 150 G"},{"key":"detailsDescription","value":"150 G"},{"key":"articleNumber","value":"Artikelnummer: 7713484"},{"key":"Lagerhinweis:","value":["Gekühlt lagern."]},{"key":"Zutaten:","value":["Zutaten: KÄSE, Wasser, BUTTER, MAGERMILCHKONZENTRAT, Schmelzsalze (Diphosphate, Polyphosphate, Natriumphosphate), MILCHEIWEISS, Kochsalz, Säureregulator (Citronensäure). In Großbuchstaben angegebene Zutaten enthalten allergene Inhaltsstoffe."]},{"key":"Allergene:","value":["Enthält:Milch und daraus gewonnene Erzeugnisse (inkl. Laktose)"]},{"key":"Identitätskennzeichen:","value":["AT 80253 EG"]},{"key":"Ursprungsland/Herkunftsort:","value":["Österreich"]},{"key":"Kontakt:","value":["Alma","Krüzastraße 8, 6912 Hörbranz, Österreich"]}],"nutritions":[{"key":"","value":"Unzubereitet"},{"key":" ","value":"100 g"},{"key":"Energie","value":"1175 kJ | 284 kcal"},{"key":"Fett","value":"26 g"},{"key":"Fett, davon gesättigte Fettsäuren","value":"17 g"},{"key":"Kohlenhydrate","value":"2,5 g"},{"key":"Kohlenhydrate, davon Zucker","value":"2,5 g"},{"key":"Eiweiß","value":"10 g"},{"key":"Salz","value":"2,25 g"}],"tags":[]},
    {"url":"https://www.interspar.at/shop/lebensmittel/p/7714993","data":[{"key":"price","value":"0,98 €"},{"key":"oldPrice","value":"\n\t\t\t\t\t\n\t\t\t\t\t \n\t\t\t\t"},{"key":"pricePerUnit","value":"(19.50 €/kg)"},{"key":"productDetailsName","value":"Alma - Bergkäse Vlbg. Bergkäse 6 Mon. gereift - 1 KG"},{"key":"detailsDescription","value":"1 KG"},{"key":"articleNumber","value":"Artikelnummer: 7714993"},{"key":"Lagerhinweis:","value":["Vor und nach dem Öffnen gekühlt (4°C - 8°C) lagern. Nach dem Öffnen alsbald verbrauchen."]},{"key":"Allergene:","value":["Enthält:Milch und daraus gewonnene Erzeugnisse (inkl. Laktose)"]},{"key":"","value":["Laktosefrei"]},{"key":"Identitätskennzeichen:","value":["DE BY 70710"]},{"key":"Kontakt:","value":["Alma","Hauptstraße 71, 88161 Lindenberg"]}],"nutritions":[{"key":"","value":"Unzubereitet"},{"key":" ","value":"100 g"},{"key":"Energie","value":"1717 kJ | 414 kcal"},{"key":"Fett","value":"34 g"},{"key":"Fett, davon gesättigte Fettsäuren","value":"22 g"},{"key":"Kohlenhydrate","value":"0 g"},{"key":"Kohlenhydrate, davon Zucker","value":"0 g"},{"key":"Eiweiß","value":"27 g"},{"key":"Salz","value":"1,8 g"}],"tags":["Gekühlt","Lactosefrei"]},
    {"url":"https://www.interspar.at/shop/lebensmittel/p/7622236","data":[{"key":"price","value":"5,69 €"},{"key":"oldPrice","value":"\n\t\t\t\t\t\n\t\t\t\t\t \n\t\t\t\t"},{"key":"pricePerUnit","value":"(14.23 €/kg)"},{"key":"productDetailsName","value":"Ländle - Bergkäse - 400 G"},{"key":"detailsDescription","value":"400 G"},{"key":"articleNumber","value":"Artikelnummer: 7622236"},{"key":"Lagerhinweis:","value":["Gekühlt lagern."]},{"key":"Zutaten:","value":["Zutaten: ROHMILCH, Salz, Kulturen, Lab. In Großbuchstaben angegebene Zutaten enthalten allergene Inhaltsstoffe."]},{"key":"Allergene:","value":["Enthält:Milch und daraus gewonnene Erzeugnisse (inkl. Laktose)"]},{"key":"","value":["Laktosefrei"]},{"key":"Identitätskennzeichen:","value":["AT 80125 EG"]},{"key":"Kontakt:","value":["Vorarlberg Milch eGen","6800 Feldkirch, Österreich"]}],"nutritions":[{"key":"","value":"Unzubereitet"},{"key":" ","value":"100 g"},{"key":"Energie","value":"1535 kJ | 366 kcal"},{"key":"Fett","value":"29 g"},{"key":"Fett, davon gesättigte Fettsäuren","value":"19 g"},{"key":"Kohlenhydrate","value":"< 0,1 g"},{"key":"Kohlenhydrate, davon Zucker","value":"< 0,1 g"},{"key":"Eiweiß","value":"25 g"},{"key":"Salz","value":"1,7 g"}],"tags":["Gekühlt","Glutenfrei","Lactosefrei"]},
    {"url":"https://www.interspar.at/shop/lebensmittel/p/7437038","data":[{"key":"price","value":"2,08 €"},{"key":"oldPrice","value":"\n\t\t\t\t\t\n\t\t\t\t\t \n\t\t\t\t"},{"key":"pricePerUnit","value":"(8.32 €/kg)"},{"key":"productDetailsName","value":"S-BUDGET - Bergkäse aus österreichischer Heumilch - 250 G"},{"key":"detailsDescription","value":"250 G"},{"key":"articleNumber","value":"Artikelnummer: 7437038"},{"key":"Lagerhinweis:","value":["Vor und nach dem Öffnen gekühlt lagern bei +4°C bis +8°C."]},{"key":"Zutaten:","value":["Zutaten: ROHMILCH, Speisesalz, Lab, Rotkulturen."]},{"key":"Allergene:","value":["Enthält:Milch und daraus gewonnene Erzeugnisse (inkl. Laktose)"]},{"key":"","value":["Laktosefrei"]},{"key":"Identitätskennzeichen:","value":["DE BY 13136 EG"]},{"key":"Ursprungsland/Herkunftsort:","value":["hergestellt in Österreich"]},{"key":"Kontakt:","value":["SPAR Österr. Warenhandels-AG","Europastraße 3, 5015 Salzburg, Österreich"]}],"nutritions":[{"key":"","value":"Unzubereitet"},{"key":" ","value":"100 g"},{"key":"Energie","value":"1708 kJ | 412 kcal"},{"key":"Fett","value":"32,5 g"},{"key":"Fett, davon gesättigte Fettsäuren","value":"25,7 g"},{"key":"Kohlenhydrate","value":"< 0,1 g"},{"key":"Kohlenhydrate, davon Zucker","value":"< 0,1 g"},{"key":"Ballaststoffe","value":"< 0,1 g"},{"key":"Eiweiß","value":"29,6 g"},{"key":"Salz","value":"1,5 g"},{"key":"Broteinheiten","value":"0 BE"},{"key":"","value":"Unzubereitet"},{"key":" ","value":"Portion (50 g)"},{"key":"Energie","value":"854 kJ | 206 kcal"},{"key":"Fett","value":"16,3 g"},{"key":"Fett, davon gesättigte Fettsäuren","value":"12,9 g"},{"key":"Kohlenhydrate","value":"< 0,1 g"},{"key":"Kohlenhydrate, davon Zucker","value":"< 0,1 g"},{"key":"Ballaststoffe","value":"< 0,1 g"},{"key":"Eiweiß","value":"14,8 g"},{"key":"Salz","value":"0,75 g"},{"key":"Broteinheiten","value":"0 BE"}],"tags":["Gekühlt","Glutenfrei","Lactosefrei","immer Billig"]},
    {"url":"https://www.interspar.at/shop/lebensmittel/p/1000627","data":[{"key":"price","value":"1,99 €"},{"key":"oldPrice","value":"\n\t\t\t\t\t\n\t\t\t\t\tstatt 2,69 €\n\t\t\t\t"},{"key":"pricePerUnit","value":"(6.63 €/kg)"},{"key":"productDetailsName","value":"SPAR - Back-Camembert 4 Stück - 300 G"},{"key":"detailsDescription","value":"300 G"},{"key":"articleNumber","value":"Artikelnummer: 1000627"},{"key":"Lagerhinweis:","value":["Vor und nach dem Öffnen gekühlt bei 0 bis +8°C lagern. Nach dem Öffnen alsbald verbrauchen."]},{"key":"Zutaten:","value":["Zutaten: CAMEMBERT (66%), WEIZENMEHL, Sonnenblumenöl, Salz, WEIZENEIWEISSKONZENTRAT, Gewürze. In Großbuchstaben angegebene Zutaten enthalten allergene Inhaltsstoffe."]},{"key":"Allergene:","value":["Enthält:Glutenhaltiges Getreide und daraus hergestellte Erzeugnisse, Milch und daraus gewonnene Erzeugnisse (inkl. Laktose)"]},{"key":"","value":["einfach OHNE:ohne Aromastoffzusatzohne Konservierungsstoffeohne Farbstoffzusatzohne Geschmacksverstärker"]},{"key":"Zubereitung:","value":["BackenBackofen auf 200°C vorheizen (Ober- und Unterhitze). Back-Camembert auf ein mit Backpapier belegtes Backblech geben und auf der mittleren Schiene ca. 10-12 Minuten backen, bis sich der Käse leicht wölbt.","Braten in FettEtwas Fett oder Öl in der Pfanne erhitzen. Back-Camembert bei mittlerer Hitze ca. 3 Minuten je Seite fertig backen.","FrittierenFritteuse auf 150-160°C vorheizen. Back-Camembert ca. 2-3 Minuten bis zum Aufschwimmen des Produktes fertig backen.Tipp: Den heißen Back-Camembert nach der Zubereitung noch ca. 3 Minuten ruhen lassen, damit sich Geschmack und Konsistenz voll entfalten."]},{"key":"Identitätskennzeichen:","value":["DE BY 13062 EG"]},{"key":"Ursprungsland/Herkunftsort:","value":["Sorgfältig hergestellt in Deutschland"]},{"key":"Kontakt:","value":["SPAR Österr. Warenhandels-AG","Europastraße 3, 5015 Salzburg, Österreich"]}],"nutritions":[{"key":"","value":"Unzubereitet"},{"key":" ","value":"100 g"},{"key":"Energie","value":"1336 kJ | 321 kcal"},{"key":"Fett","value":"22 g"},{"key":"Fett, davon gesättigte Fettsäuren","value":"10 g"},{"key":"Kohlenhydrate","value":"14 g"},{"key":"Kohlenhydrate, davon Zucker","value":"0,8 g"},{"key":"Ballaststoffe","value":"1,5 g"},{"key":"Eiweiß","value":"16 g"},{"key":"Salz","value":"1,8 g"},{"key":"Broteinheiten","value":"1,2 BE"}],"tags":["Gekühlt"]},
    {"url":"https://www.interspar.at/shop/lebensmittel/p/1000726","data":[{"key":"price","value":"1,99 €"},{"key":"oldPrice","value":"\n\t\t\t\t\t\n\t\t\t\t\tstatt 2,69 €\n\t\t\t\t"},{"key":"pricePerUnit","value":"(6.63 €/kg)"},{"key":"productDetailsName","value":"SPAR - Back-Emmentaler 4 Stück - 300 G"},{"key":"detailsDescription","value":"300 G"},{"key":"articleNumber","value":"Artikelnummer: 1000726"},{"key":"Lagerhinweis:","value":["Vor und nach dem Öffnen gekühlt bei 0°C bis +8°C lagern. Nach dem Öffnen alsbald verbrauchen."]},{"key":"Zutaten:","value":["Zutaten: EMMENTALER (45%), WEIZEN- und ROGGENMEHL, Sonnenblumenöl, Stärke (aus WEIZEN und Kartoffeln), MILCHEIWEISS, Salz unjodiert, WEIZENEIWEISSKONZENTRAT, Gewürze, Verdickungsmittel: Carrageen, Hydroxypropylmethylcellulose; LAKTOSE. In Großbuchstaben angegebene Zutaten enthalten allergene Inhaltsstoffe."]},{"key":"Allergene:","value":["Enthält:Glutenhaltiges Getreide und daraus hergestellte Erzeugnisse, Milch und daraus gewonnene Erzeugnisse (inkl. Laktose)"]},{"key":"","value":["einfach OHNE:ohne Farbstoffzusatzohne Geschmacksverstärkerohne Aromastoffzusatz"]},{"key":"Zubereitung:","value":["BackenBackofen auf 180°C vorheizen (Ober- und Unterhitze). Back-Emmentaler auf ein mit Backpapier belegtes Backblech geben und auf der mittleren Schiene ca. 10-12 Minuten fertig backen.","FrittierenFritteuse auf 170°C vorheizen. Back-Emmentaler ca. 2 Minuten fertig backen.Tipp: Den heißen Back-Emmentaler noch ca. 3 Minuten ruhen lassen, damit sich Geschmack und Konsistenz voll entfalten.","Braten in FettEtwas Fett oder Öl in der Pfanne erhitzen. Back-Emmentaler bei mittlerer Hitze unter mehrmaligem Wenden 5-8 Minuten fertig backen."]},{"key":"Identitätskennzeichen:","value":["DE 13062 EG"]},{"key":"Ursprungsland/Herkunftsort:","value":["Sorgfältig hergestellt in Deutschland"]},{"key":"Kontakt:","value":["SPAR Österr. Warenhandels-AG","Europastraße 3, 5015 Salzburg, Österreich"]}],"nutritions":[{"key":"","value":"Unzubereitet"},{"key":" ","value":"100 g"},{"key":"Energie","value":"1433 kJ | 344 kcal"},{"key":"Fett","value":"21 g"},{"key":"Fett, davon gesättigte Fettsäuren","value":"11 g"},{"key":"Kohlenhydrate","value":"20 g"},{"key":"Kohlenhydrate, davon Zucker","value":"1,7 g"},{"key":"Ballaststoffe","value":"1,3 g"},{"key":"Eiweiß","value":"18 g"},{"key":"Salz","value":"1,58 g"},{"key":"Broteinheiten","value":"1,7 BE"}],"tags":["Gekühlt"]},
    {"url":"https://www.interspar.at/shop/lebensmittel/p/1208894","data":[{"key":"price","value":"1,99 €"},{"key":"oldPrice","value":"\n\t\t\t\t\t\n\t\t\t\t\tstatt 2,69 €\n\t\t\t\t"},{"key":"pricePerUnit","value":"(6.63 €/kg)"},{"key":"productDetailsName","value":"SPAR - 12 Back-Mozzarella-Sticks 2 x 150 g - 300 G"},{"key":"detailsDescription","value":"300 G"},{"key":"articleNumber","value":"Artikelnummer: 1208894"},{"key":"Lagerhinweis:","value":["Gekühlt lagern. Nach dem Öffnen alsbald verbrauchen."]},{"key":"Zutaten:","value":["Zutaten: MOZZARELLA 52%, WEIZEN- und ROGGENMEHL, Sonnenblumenöl, WEIZENSTÄRKE, Salz, WEIZENEIWEISSKONZENTRAT, Gewürze, Zucker, Verdickungsmittel: Methylcellulose, MILCHEIWEISS, Tomatenpulver, Säuerungsmittel: Citronensäure, Kräuter, Gewürzextrakte. In Großbuchstaben angegebene Zutaten enthalten allergene Inhaltsstoffe."]},{"key":"Allergene:","value":["Enthält:Glutenhaltiges Getreide und daraus hergestellte Erzeugnisse, Milch und daraus gewonnene Erzeugnisse (inkl. Laktose)"]},{"key":"","value":["ohne Konservierungsstoffeohne Farbstoffzusatz"]},{"key":"","value":["Frei von Aromen"]},{"key":"Zubereitung:","value":["BackenBackofen auf 180 °C vorheizen (Einstellung Ober- und Unterhitze). Back-Mozzarella-Sticks aus der Tiefziehschale entnehmen, auf ein kaltes, mit Backpapier belegtes Backblech geben und dieses in der Mittelschiene des Backofens schieben. Back-Mozzarella-Sticks ca. 5-6 Minuten fertig backen.","Unter Rühren kurz anbratenZubereitung ohne Fettzugabe! Back-Mozzarella-Sticks in eine vorgeheizte antihaftbeschichtete Pfanne geben und bei mittlere Hitze unter mehrmaligen Wenden 6-9 Minuten fertig backen.","FrittierenFritteuse auf 170 °C vorheizen. Back-Mozzarella-Sticks ca. 1 Minute fertig backen."]},{"key":"Identitätskennzeichen:","value":["DE BY 13062"]},{"key":"Zusatztext:","value":["Tipp: Die heißen Back-Mozzarella-Sticks nach der Zubereitung noch ca. 2 Minuten ruhen lassen, damit sich Geschmack und Konsistenz voll entfalten."]},{"key":"Ursprungsland/Herkunftsort:","value":["Sorgfältig hergestellt in Deutschland"]},{"key":"Kontakt:","value":["SPAR Österr. Warenhandels-AG","Europastraße 3, 5015 Salzburg, Österreich"]}],"nutritions":[{"key":" ","value":"100 g"},{"key":"","value":"Unzubereitet"},{"key":"Energie","value":"1289 kJ | 309 kcal"},{"key":"Fett","value":"18 g"},{"key":"Fett, davon gesättigte Fettsäuren","value":"8,2 g"},{"key":"Kohlenhydrate","value":"21 g"},{"key":"Kohlenhydrate, davon Zucker","value":"0,5 g"},{"key":"Ballaststoffe","value":"1,4 g"},{"key":"Eiweiß","value":"15 g"},{"key":"Salz","value":"1,3 g"},{"key":"Broteinheiten","value":"1,8 BE"}],"tags":["Gekühlt"]},
    {"url":"https://www.interspar.at/shop/lebensmittel/p/2020001175345","data":[{"key":"price","value":"2,99 €"},{"key":"oldPrice","value":"\n\t\t\t\t\t\n\t\t\t\t\t \n\t\t\t\t"},{"key":"pricePerUnit","value":"(11.96 €/kg)"},{"key":"productDetailsName","value":"SPAR - Halloumi Klassik - 250 G"},{"key":"detailsDescription","value":"250 G"},{"key":"articleNumber","value":"Artikelnummer: 2020001175345"},{"key":"Lagerhinweis:","value":["Gekühlt lagern. Nach dem Öffnen alsbald verbrauchen."]},{"key":"Zutaten:","value":["Zutaten: KUHMILCH, ZIEGENMILCH, SCHAFMILCH, Meersalz, Minze getrocknet 0,2%, Labaustauschstoff mikrobiell. In Großbuchstaben angegebene Zutaten enthalten allergene Inhaltsstoffe."]},{"key":"Allergene:","value":["Enthält:Milch und daraus gewonnene Erzeugnisse (inkl. Laktose)"]},{"key":"","value":["lakto-vegetarisch"]},{"key":"Zubereitung:","value":["BackenGerieben zum Überbacken oder in Scheiben geschnitten zu Ofengemüse im Ofen garen.","Braten in FettDen Halloumi in ca. 1 cm dicke Scheiben schneiden und in einer Pfanne mit Olivenöl von beiden Seiten goldbraun braten.","Grillen mit indirekter HitzeDen Halloumi in ca. 1 cm dicke Scheiben schneiden, mit Olivenöl bestreichen und auf dem Grill von beiden Seiten goldbraun werden lassen.","VerzehrfertigIn Scheiben geschnitten oder gerieben auf Salat."]},{"key":"Identitätskennzeichen:","value":["CY 0063 EC"]},{"key":"Zusatztext:","value":["Zypriotischer Grill- & Bratkäse"]},{"key":"Ursprungsland/Herkunftsort:","value":["Sorgfältig hergestellt in Zypern"]},{"key":"Kontakt:","value":["SPAR Österr. Warenhandels-AG","Europastraße 3, 5015 Salzburg, Österreich","office@spar.at"]}],"nutritions":[{"key":"","value":"Unzubereitet"},{"key":" ","value":"100 g"},{"key":"Energie","value":"1350 kJ | 325 kcal"},{"key":"Fett","value":"25 g"},{"key":"Fett, davon gesättigte Fettsäuren","value":"17 g"},{"key":"Kohlenhydrate","value":"2 g"},{"key":"Kohlenhydrate, davon Zucker","value":"1 g"},{"key":"Ballaststoffe","value":"0 g"},{"key":"Eiweiß","value":"23 g"},{"key":"Salz","value":"3 g"},{"key":"Broteinheiten","value":"0,2 BE"}],"tags":["Gekühlt"]},
    {"url":"https://www.interspar.at/shop/lebensmittel/p/2020001456017","data":[{"key":"price","value":"3,99 €"},{"key":"oldPrice","value":"\n\t\t\t\t\t\n\t\t\t\t\t \n\t\t\t\t"},{"key":"pricePerUnit","value":"(9.98 €/kg)"},{"key":"productDetailsName","value":"SPAR - Fondue Classic - 400 G"},{"key":"detailsDescription","value":"400 G"},{"key":"articleNumber","value":"Artikelnummer: 2020001456017"},{"key":"Lagerhinweis:","value":["Trocken und vor Wärme geschützt lagern."]},{"key":"Zutaten:","value":["Zutaten: KÄSE 50%, Weisswein, Trinkwasser, Stärke, Kochsalz, Kirschbrand, Schmelzsalze (Natriumphosphate), Stabilisator (Johannisbrotkernmehl), Gewürze. In Großbuchstaben angegebene Zutaten enthalten allergene Inhaltsstoffe."]},{"key":"Allergene:","value":["Enthält:Milch und daraus gewonnene Erzeugnisse (inkl. Laktose)"]},{"key":"","value":["einfach OHNE:ohne Aromastoffzusatzohne Farbstoffzusatz"]},{"key":"","value":["Laktosefrei"]},{"key":"Zubereitung:","value":["Erhitzen und servieren1. Beutel 30 Sekunden unter heißes Wasser halten. 2. Anschließend Beutel öffnen und Beutelinhalt in ein Caquelon (Fonduepfanne) geben (Caquelon kann wahlweise mit Knoblauch eingerieben werden). 3. Auf dem Herd bei kontinuierlicher Hitze unter ständigem Rühren vollständig aufkochen. Wichtig: Aufkochen bis zur Blasenbildung undbis die Fonduemasse sämig und fadenziehend ist. 4. Nach Belieben mit Pfeffer, Muskat und Knoblauch würzen. Caquelon auf ein Rechaud (Warmhalteplatte) stellen und leicht weiterkochen lassen. 5. Brotwürfel und andere Beilagen (Gemüse, Fleisch, Pilze, Früchte) auf Gabel stecken und im Fondue eintauchen und rühren. 6. Anschließend Fondue genießen. Guten Appetit!"]},{"key":"Identitätskennzeichen:","value":["CH 2402"]},{"key":"Ursprungsland/Herkunftsort:","value":["aus der Schweiz"]},{"key":"Kontakt:","value":["SPAR Österr. Warenhandels-AG","Europastraße 3, 5015 Salzburg, Österreich","office@spar.at"]}],"nutritions":[{"key":"","value":"Unzubereitet"},{"key":" ","value":"100 g"},{"key":"Energie","value":"961 kJ | 231 kcal"},{"key":"Fett","value":"15 g"},{"key":"Fett, davon gesättigte Fettsäuren","value":"9 g"},{"key":"Kohlenhydrate","value":"3,1 g"},{"key":"Kohlenhydrate, davon Zucker","value":"0 g"},{"key":"Ballaststoffe","value":"0 g"},{"key":"Eiweiß","value":"15 g"},{"key":"Salz","value":"1,7 g"},{"key":"Broteinheiten","value":"0,3 g"},{"key":"Laktose","value":"< 0,01 g"}],"tags":["Gekühlt"]},
    {"url":"https://www.interspar.at/shop/lebensmittel/p/2020001690909","data":[{"key":"price","value":"2,49 €"},{"key":"oldPrice","value":"\n\t\t\t\t\t\n\t\t\t\t\t \n\t\t\t\t"},{"key":"pricePerUnit","value":"(9.96 €/kg)"},{"key":"productDetailsName","value":"SPAR - Grill- & Bratkäse Chili 4 Stück - einzeln verpackt - 250 G"},{"key":"detailsDescription","value":"250 G"},{"key":"articleNumber","value":"Artikelnummer: 2020001690909"},{"key":"Lagerhinweis:","value":["Vor und nach dem Öffnen gekühlt lagern. Nach dem Öffnen innerhalb von 2 Tagen aufbrauchen."]},{"key":"Zutaten:","value":["Zutaten: pasteurisierte KUHMILCH, Speisesalz unjodiert, Chili-Paprikamischung 1%, mikrobielles Lab, Käsereikulturen. In Großbuchstaben angegebene Zutaten enthalten allergene Inhaltsstoffe."]},{"key":"Allergene:","value":["Enthält:Milch und daraus gewonnene Erzeugnisse (inkl. Laktose)"]},{"key":"","value":["einfach OHNE:ohne Aromastoffzusatzohne Konservierungsstoffeohne Farbstoffzusatz**lt. Verordnung"]},{"key":"Zubereitung:","value":["Zubereitung in der MikrowelleKäsescheiben auf einem Teller bei 800 Watt 30 Sekunden erwärmen.","Grillen/Braten mit OberhitzeKäsescheiben beidseitig jeweils 2 – 3 Minuten in der Pfanne anbraten.","Grillen/Braten mit OberhitzeBackrohr vorheizen und die Käsescheiben bei 200°C Ober- und Unterhitze bzw. 180°C Heißluft 5 – 7 Minuten bis zur gewünschten Bräunung backen.","Grillen mit direkter HitzeKäsescheiben am Grill beidseitig jeweils 2 – 3 Minuten grillen."]},{"key":"Identitätskennzeichen:","value":["AT 31085 EG"]},{"key":"Ursprungsland/Herkunftsort:","value":["Qualität aus Österreich"]},{"key":"Verbrauchen nach dem Öffnen:","value":["2 Tage"]},{"key":"Kontakt:","value":["SPAR Österr. Warenhandels-AG","Europastraße 3, 5015 Salzburg, Österreich","office@spar.at"]}],"nutritions":[{"key":" ","value":"100 g"},{"key":"","value":"Unzubereitet"},{"key":"Energie","value":"1003 kJ | 241 kcal"},{"key":"Fett","value":"19 g"},{"key":"Fett, davon gesättigte Fettsäuren","value":"13 g"},{"key":"Kohlenhydrate","value":"2 g"},{"key":"Kohlenhydrate, davon Zucker","value":"2 g"},{"key":"Ballaststoffe","value":"0 g"},{"key":"Eiweiß","value":"17 g"},{"key":"Salz","value":"2 g"},{"key":"Broteinheiten","value":"0,2 BE"}],"tags":["Gekühlt"]},
    {"url":"https://www.interspar.at/shop/lebensmittel/p/2020001691067","data":[{"key":"price","value":"2,49 €"},{"key":"oldPrice","value":"\n\t\t\t\t\t\n\t\t\t\t\t \n\t\t\t\t"},{"key":"pricePerUnit","value":"(9.96 €/kg)"},{"key":"productDetailsName","value":"SPAR - Grill- & Bratkäse Kräuter 4 Stück - einzeln verpackt - 250 G"},{"key":"detailsDescription","value":"250 G"},{"key":"articleNumber","value":"Artikelnummer: 2020001691067"},{"key":"Lagerhinweis:","value":["Vor und nach dem Öffnen gekühlt lagern. Nach dem Öffnen innerhalb von 2 Tagen aufbrauchen."]},{"key":"Zutaten:","value":["Zutaten: pasteurisierte KUHMILCH, Speisesalz unjodiert, Kräuter 1%, mikrobielles Lab, Käsereikulturen. In Großbuchstaben angegebene Zutaten enthalten allergene Inhaltsstoffe."]},{"key":"Allergene:","value":["Enthält:Milch und daraus gewonnene Erzeugnisse (inkl. Laktose)"]},{"key":"","value":["einfach OHNE:ohne Aromastoffzusatzohne Konservierungsstoffeohne Farbstoffzusatz"]},{"key":"Zubereitung:","value":["Zubereitung in der MikrowelleKäsescheiben auf einem Teller bei 800 Watt 30 Sekunden erwärmen.","Grillen/Braten mit OberhitzeBackrohr vorheizen und die Käsescheiben bei 200°C Ober- und Unterhitze bzw. 180°C Heißluft 5 – 7 Minuten bis zur gewünschten Bräunung backen.","Grillen mit direkter HitzeKäsescheiben am Grill beidseitig jeweils 2 – 3 Minuten grillen.","Grillen/Braten mit OberhitzeKäsescheiben beidseitig jeweils 2 – 3 Minuten in der Pfanne anbraten."]},{"key":"Identitätskennzeichen:","value":["AT 31085 EG"]},{"key":"Ursprungsland/Herkunftsort:","value":["Qualität aus Österreich"]},{"key":"Verbrauchen nach dem Öffnen:","value":["2 Tage"]},{"key":"Kontakt:","value":["SPAR Österr. Warenhandels-AG","Europastraße 3, 5015 Salzburg, Österreich","office@spar.at"]}],"nutritions":[{"key":" ","value":"100 g"},{"key":"","value":"Unzubereitet"},{"key":"Energie","value":"1003 kJ | 241 kcal"},{"key":"Fett","value":"19 g"},{"key":"Fett, davon gesättigte Fettsäuren","value":"13 g"},{"key":"Kohlenhydrate","value":"2 g"},{"key":"Kohlenhydrate, davon Zucker","value":"2 g"},{"key":"Ballaststoffe","value":"0 g"},{"key":"Eiweiß","value":"17 g"},{"key":"Salz","value":"2 g"},{"key":"Broteinheiten","value":"0,2 BE"}],"tags":["Gekühlt"]},
    {"url":"https://www.interspar.at/shop/lebensmittel/p/7771415","data":[{"key":"price","value":"1,55 €"},{"key":"oldPrice","value":"\n\t\t\t\t\t\n\t\t\t\t\t \n\t\t\t\t"},{"key":"pricePerUnit","value":"(4.70 €/kg)"},{"key":"productDetailsName","value":"SPAR - Gabelbissen 3 Becher - 330 G"},{"key":"detailsDescription","value":"330 G"},{"key":"articleNumber","value":"Artikelnummer: 7771415"},{"key":"Lagerhinweis:","value":["Gekühlt lagern. Nach dem Öffnen sofort genießen."]},{"key":"Zutaten:","value":["Zutaten: 33% Gemüsemayonnaisesalat (Mayonnaise 65% Fett [Rapsöl, Wasser, Zucker, EIGELB, modifzierte Stärke, Speisesalz, Weingeistessig, OBERS, SENFSAAT, Verdickungsmittel: Xanthan, Guarkernmehl, Johannisbrotkernmehl; Konservierungsstoff: Kaliumsorbat], Karotten, Gurken, Erbsen, Konservierungsstoff: Natriumbenzoat), Garnierung (Mayonnaise 40% Fett [Wasser, Rapsöl, Zucker, EIGELB, modifzierte Stärke, Speisesalz, Weingeistessig, SENFSAAT, Verdickungsmittel: Xanthan, Guarkernmehl, Johannisbrotkernmehl; Konservierungsstoff: Kaliumsorbat, Säuerungsmittel: Apfelsäure], Gelee (Wasser, Speisegelatine, Speisesalz, Konservierungsstoff: Natriumbenzoat, Süßungsmittel: Saccharin, Säuerungsmittel: Citronensäure)); Wahlweise sichtbar: Aufschnittwurst (Schweinefleisch, Rindfleisch, Wasser, Speisesalz, Dextrose, Zucker, Gewürzextrakte, Stabilisator: Polyphosphate, Farbstoff: echtes Karmin, Antioxidationsmittel: Natrium-L-Ascorbat, Gewürze, Konservierungsstoff: Natriumnitrit), Heringsfilet in Lake (HERINGSFILET, Speisesalz, Zucker, Weingeistessig) oder 5% EI, Gurke, Karotten. In Großbuchstaben angegebene Zutaten enthalten allergene Inhaltsstoffe."]},{"key":"Allergene:","value":["Enthält:Eier und daraus gewonnene Erzeugnisse, Fische und daraus gewonnene Erzeugnisse, Milch und daraus gewonnene Erzeugnisse (inkl. Laktose), Senf und daraus gewonnene Erzeugnisse"]},{"key":"Ursprungsland/Herkunftsort:","value":["hergestellt in Österreich"]},{"key":"Kontakt:","value":["SPAR Österr. Warenhandels-AG","Europastraße 3, 5015 Salzburg, Österreich"]}],"nutritions":[{"key":"","value":"Unzubereitet"},{"key":" ","value":"100 g"},{"key":"Energie","value":"768 kJ | 186 kcal"},{"key":"Fett","value":"18 g"},{"key":"Fett, davon gesättigte Fettsäuren","value":"1,8 g"},{"key":"Kohlenhydrate","value":"3,8 g"},{"key":"Kohlenhydrate, davon Zucker","value":"2,6 g"},{"key":"Eiweiß","value":"1,8 g"},{"key":"Salz","value":"1,6 g"},{"key":"","value":"Unzubereitet"},{"key":" ","value":"Portion (110 g)"},{"key":"Energie","value":"845 kJ | 205 kcal"},{"key":"Fett","value":"20 g"},{"key":"Fett, davon gesättigte Fettsäuren","value":"2 g"},{"key":"Kohlenhydrate","value":"4,2 g"},{"key":"Kohlenhydrate, davon Zucker","value":"2,9 g"},{"key":"Eiweiß","value":"2 g"},{"key":"Salz","value":"1,8 g"}],"tags":["Glutenfrei","Lactosefrei"]},
    {"url":"https://www.interspar.at/shop/lebensmittel/p/820691","data":[{"key":"price","value":"1,55 €"},{"key":"oldPrice","value":"\n\t\t\t\t\t\n\t\t\t\t\t \n\t\t\t\t"},{"key":"pricePerUnit","value":"(4.70 €/kg)"},{"key":"productDetailsName","value":"SPAR - Gabelbissen Leicht 3 Becher à 110g - 330 G"},{"key":"detailsDescription","value":"330 G"},{"key":"articleNumber","value":"Artikelnummer: 820691"},{"key":"Lagerhinweis:","value":["Gekühlt lagern. Nach dem Öffnen sofort genießen."]},{"key":"Zutaten:","value":["Zutaten: 33% Joghurt-Mayonnaisesalat (Joghurtmayonnaise 20% Fett (Wasser, JOGHURT 3,6% Fett, Rapsöl, Zucker, EIGELB, SENFSAAT, modifizierte Stärke, Speisesalz, Weingeistessig, Verdickungsmittel: Guarkernmehl, Xanthan, Johannisbrotkernmehl; Konservierungsstoff: Kaliumsorbat), Karotten, Gurken, Erbsen, Zucker, Speisesalz, Rapsöl, Konservierungsstoff: Natriumbenzoat), Garnierung (Mayonnaise 40% Fett (Rapsöl, Wasser, Zucker, EIGELB, modifizierte Stärke, Speisesalz, Weingeistessig, SENFSAAT, Verdickungsmittel: Xanthan, Guarkernmehl, Johannisbrotkernmehl; Konservierungsstoff: Kaliumsorbat), Gelee (Wasser, Speisegelatine, Speisesalz, Konservierungsstoff: Natriumbenzoat; Süßungsmittel: Saccharin; Antioxidationsmittel: Ascorbinsäure). Wahlweise sichtbar: Aufschnittwurst (Schweinefleisch, Rindfleisch, Wasser, Speisesalz, Dextrose, Zucker, Gewürzextrakte, Stabilisator: Polyphosphate, Farbstoff: echtes Karmin, Antioxidationsmittel: Natrium-L-ascorbat, Gewürze, Konservierungsstoff: Natriumnitrit),Heringsfilet in Lake (HERINGSFILET, Speisesalz, Zucker, Weingeistessig) oder EISCHEIBE, Gurken, Karotten. In Großbuchstaben angegebene Zutaten enthalten allergene Inhaltsstoffe."]},{"key":"Allergene:","value":["Enthält:Eier und daraus gewonnene Erzeugnisse, Fische und daraus gewonnene Erzeugnisse, Milch und daraus gewonnene Erzeugnisse (inkl. Laktose), Senf und daraus gewonnene Erzeugnisse"]},{"key":"","value":["fettreduziertGabelbissen Leicht enthalten 30% weniger Fett als herkömmliche Gabelbissen."]},{"key":"Ursprungsland/Herkunftsort:","value":["hergestellt in Österreich"]},{"key":"Kontakt:","value":["SPAR Österr. Warenhandels-AG","Europastraße 3, 5015 Salzburg, Österreich"]}],"nutritions":[{"key":" ","value":"100 g"},{"key":"","value":"Unzubereitet"},{"key":"Energie","value":"558 kJ | 135 kcal"},{"key":"Fett","value":"12 g"},{"key":"Fett, davon gesättigte Fettsäuren","value":"1,2 g"},{"key":"Kohlenhydrate","value":"4,4 g"},{"key":"Kohlenhydrate, davon Zucker","value":"2,6 g"},{"key":"Eiweiß","value":"1,9 g"},{"key":"Salz","value":"1,6 g"},{"key":" ","value":"Portion (110 g)"},{"key":"","value":"Unzubereitet"},{"key":"Energie","value":"614 kJ | 149 kcal"},{"key":"Fett","value":"13 g"},{"key":"Fett, davon gesättigte Fettsäuren","value":"1,3 g"},{"key":"Kohlenhydrate","value":"4,8 g"},{"key":"Kohlenhydrate, davon Zucker","value":"2,9 g"},{"key":"Eiweiß","value":"2,1 g"},{"key":"Salz","value":"1,7 g"}],"tags":["Glutenfrei","Lactosefrei"]},
    {"url":"https://www.interspar.at/shop/lebensmittel/p/2020001175239","data":[{"key":"price","value":"2,99 €"},{"key":"oldPrice","value":"\n\t\t\t\t\t\n\t\t\t\t\t \n\t\t\t\t"},{"key":"pricePerUnit","value":"(13.29 €/kg)"},{"key":"productDetailsName","value":"SPAR - Halloumi Basilikum - 225 G"},{"key":"detailsDescription","value":"225 G"},{"key":"articleNumber","value":"Artikelnummer: 2020001175239"},{"key":"Lagerhinweis:","value":["Gekühlt lagern. Nach dem Öffnen alsbald verbrauchen."]},{"key":"Zutaten:","value":["Zutaten: KUHMILCH, ZIEGENMILCH, SCHAFMILCH, Meersalz, Basilikum getrocknet 0,5%, mikrobielles Lab. In Großbuchstaben angegebene Zutaten enthalten allergene Inhaltsstoffe."]},{"key":"Allergene:","value":["Enthält:Milch und daraus gewonnene Erzeugnisse (inkl. Laktose)"]},{"key":"","value":["lakto-vegetarisch"]},{"key":"Zubereitung:","value":["VerzehrfertigIn Scheiben geschnitten oder gerieben auf Salat.","BackenGerieben zum Überbacken oder in Scheiben geschnitten zu Ofengemüse im Ofen garen.","Grillen mit indirekter HitzeDen Halloumi in ca. 1 cm dicke Scheiben schneiden, mit Olivenöl bestreichen und auf dem Grill von beiden Seiten goldbraun werden lassen.","Braten in FettDen Halloumi in ca. 1 cm dicke Scheiben schneiden und in einer Pfanne mit Olivenöl von beiden Seiten goldbraun braten."]},{"key":"Identitätskennzeichen:","value":["CY 0063 EC"]},{"key":"Zusatztext:","value":["Zypriotischer Grill- & Bratkäse"]},{"key":"Ursprungsland/Herkunftsort:","value":["Sorgfältig hergestellt in Zypern"]},{"key":"Kontakt:","value":["SPAR Österr. Warenhandels-AG","Europastraße 3, 5015 Salzburg, Österreich","office@spar.at"]}],"nutritions":[{"key":"","value":"Unzubereitet"},{"key":" ","value":"100 g"},{"key":"Energie","value":"1326 kJ | 320 kcal"},{"key":"Fett","value":"25 g"},{"key":"Fett, davon gesättigte Fettsäuren","value":"17 g"},{"key":"Kohlenhydrate","value":"1,6 g"},{"key":"Kohlenhydrate, davon Zucker","value":"1,6 g"},{"key":"Ballaststoffe","value":"0 g"},{"key":"Eiweiß","value":"22 g"},{"key":"Salz","value":"3 g"},{"key":"Broteinheiten","value":"0,1 BE"}],"tags":["Gekühlt"]},
    {"url":"https://www.interspar.at/shop/lebensmittel/p/1090161","data":[{"key":"price","value":"1,99 €"},{"key":"oldPrice","value":"\n\t\t\t\t\t\n\t\t\t\t\t \n\t\t\t\t"},{"key":"pricePerUnit","value":"(6.63 €/kg)"},{"key":"productDetailsName","value":"SPAR Veggie - Bio-Tofu Natur - 300 G"},{"key":"detailsDescription","value":"300 G"},{"key":"articleNumber","value":"Artikelnummer: 1090161"},{"key":"Lagerhinweis:","value":["Nach dem Öffnen gut verschlossen im Kühlschrank lagern und schnellstmöglich verbrauchen."]},{"key":"Zutaten:","value":["Zutaten: Wasser, SOJABOHNEN* 15%, Festigungsmittel: Calciumsulfat. *aus biologischer Landwirtschaft. In Großbuchstaben angegebene Zutaten enthalten allergene Inhaltsstoffe."]},{"key":"Allergene:","value":["Enthält:Glutenhaltiges Getreide und daraus hergestellte Erzeugnisse, Sojabohnen und daraus gewonnene Erzeugnisse"]},{"key":"Bio-Kontrollstelle:","value":["AT-BIO-301"]},{"key":"Ökoherkunft:","value":["Österreich-Landwirtschaft"]},{"key":"Ursprungsland/Herkunftsort:","value":["Sojabohnen aus Österreich"]},{"key":"Kontakt:","value":["SPAR Österr. Warenhandels-AG","Europastraße 3, 5015 Salzburg, Österreich"]}],"nutritions":[{"key":"","value":"Unzubereitet"},{"key":" ","value":"100 g"},{"key":"Energie","value":"407 kJ | 98 kcal"},{"key":"Fett","value":"6,2 g"},{"key":"Fett, davon gesättigte Fettsäuren","value":"1,5 g"},{"key":"Kohlenhydrate","value":"0,3 g"},{"key":"Kohlenhydrate, davon Zucker","value":"0,2 g"},{"key":"Ballaststoffe","value":"0,7 g"},{"key":"Eiweiß","value":"9,8 g"},{"key":"Salz","value":"< 0,03 g"},{"key":"Broteinheiten","value":"0 BE"}],"tags":["Bio","Vegetarisch","Vegan","Glutenfrei"]},
    {"url":"https://www.interspar.at/shop/lebensmittel/p/1090208","data":[{"key":"price","value":"1,99 €"},{"key":"oldPrice","value":"\n\t\t\t\t\t\n\t\t\t\t\t \n\t\t\t\t"},{"key":"pricePerUnit","value":"(7.96 €/kg)"},{"key":"productDetailsName","value":"SPAR Veggie - Bio-Tofu Geräuchert - 250 G"},{"key":"detailsDescription","value":"250 G"},{"key":"articleNumber","value":"Artikelnummer: 1090208"},{"key":"Lagerhinweis:","value":["Nach dem Öffnen gut verschlossen im Kühlschrank lagern und schnellstmöglich verbrauchen."]},{"key":"Zutaten:","value":["Zutaten: Tofu* (Wasser, SOJABOHNEN*, Festigungsmittel: Calciumsulfat), Marinade* (Wasser, Sojasauce* (Wasser, SOJABOHNEN*, Meersalz, WEIZEN*), Majoran*, Koriander*, Knoblauch*, Basilikum*, Salz), Rauch. *aus biologischer Landwirtschaft. In Großbuchstaben angegebene Zutaten enthalten allergene Inhaltstoffe."]},{"key":"Allergene:","value":["Enthält:Glutenhaltiges Getreide und daraus hergestellte Erzeugnisse, Sojabohnen und daraus gewonnene Erzeugnisse"]},{"key":"Bio-Kontrollstelle:","value":["AT-BIO-301"]},{"key":"Ökoherkunft:","value":["Österreich-Landwirtschaft"]},{"key":"Ursprungsland/Herkunftsort:","value":["Sojabohnen aus Österreich"]},{"key":"Kontakt:","value":["SPAR Österr. Warenhandels-AG","Europastraße 3, 5015 Salzburg, Österreich"]}],"nutritions":[{"key":"","value":"Unzubereitet"},{"key":" ","value":"100 g"},{"key":"Energie","value":"540 kJ | 129 kcal"},{"key":"Fett","value":"7,6 g"},{"key":"Fett, davon gesättigte Fettsäuren","value":"1,8 g"},{"key":"Kohlenhydrate","value":"1,4 g"},{"key":"Kohlenhydrate, davon Zucker","value":"0,5 g"},{"key":"Ballaststoffe","value":"0,7 g"},{"key":"Eiweiß","value":"14 g"},{"key":"Salz","value":"2 g"},{"key":"Broteinheiten","value":"0,1 BE"}],"tags":["Bio","Vegan"]},
    {"url":"https://www.interspar.at/shop/lebensmittel/p/1382358","data":[{"key":"price","value":"1,99 €"},{"key":"oldPrice","value":"\n\t\t\t\t\t\n\t\t\t\t\t \n\t\t\t\t"},{"key":"pricePerUnit","value":"(5.31 €/kg)"},{"key":"productDetailsName","value":"Feinkost Spak - Wurst Salat mit Joghurtmayonnaise - 375 G"},{"key":"detailsDescription","value":"375 G"},{"key":"articleNumber","value":"Artikelnummer: 1382358"},{"key":"Lagerhinweis:","value":["Gekühlt lagern bei +2°C bis +6°C. Nach dem Öffnen innerhalb von 5 Tagen verbrauchen."]},{"key":"Zutaten:","value":["Zutaten: 31% Extrawurst [Schweine- und Rindfleisch, Speck, Trinkwasser, Kartoffelstärke, Nitritpökelsalz (Speisesalz, Konservierungsstoff: Natriumnitrit], Dextrose, Stabilisator: Triphosphate; Zucker, Oligofructose, Antioxidationsmittel: Isoascorbinsäure; Gewürze, Gewürzextrakte], Trinkwasser, Rapsöl, Gemüsezubereitung (Gurken, Mais, Paprika, Fisolen, Konservierungsstoff: Natriumbenzoat; Säuerungsmittel: Milchsäure; Süßungsmittel: Saccharin), 10% MAGERJOGHURT, Zucker, Speisesalz, Weingeistessig, Gewürze, EIGELB, SENFKORN, Rauch, Verdickungsmittel: Xanthan, Johannisbrotkernmehl, Guarkernmehl; Konservierungsstoff: Kaliumsorbat. In Großbuchstaben angegebene Zutaten enthalten allergene Inhaltsstoffe."]},{"key":"Allergene:","value":["Enthält:Eier und daraus gewonnene Erzeugnisse, Milch und daraus gewonnene Erzeugnisse (inkl. Laktose), Senf und daraus gewonnene Erzeugnisse"]},{"key":"Zusatztext:","value":["Hergestellt mit Eiern aus Freilandhaltung"]},{"key":"Verbrauchen nach dem Öffnen:","value":["5 Tage"]},{"key":"Kontakt:","value":["SP Feinkost Vertriebs GmbH","Laxenburgerstraße 365, 1230 Wien, Österreich"]}],"nutritions":[{"key":"","value":"Unzubereitet"},{"key":" ","value":"100 g"},{"key":"Energie","value":"971 kJ | 235 kcal"},{"key":"Fett","value":"22 g"},{"key":"Fett, davon gesättigte Fettsäuren","value":"4 g"},{"key":"Kohlenhydrate","value":"6,3 g"},{"key":"Kohlenhydrate, davon Zucker","value":"2,6 g"},{"key":"Eiweiß","value":"2,6 g"},{"key":"Salz","value":"1,3 g"}],"tags":["Gekühlt","Glutenfrei","Lactosefrei"]},
    {"url":"https://www.interspar.at/shop/lebensmittel/p/1937008","data":[{"key":"price","value":"2,29 €"},{"key":"oldPrice","value":"\n\t\t\t\t\t\n\t\t\t\t\t \n\t\t\t\t"},{"key":"pricePerUnit","value":"(4.58 €/kg)"},{"key":"productDetailsName","value":"SPAR Feine Küche - Schupfnudeln - 500 G"},{"key":"detailsDescription","value":"500 G"},{"key":"articleNumber","value":"Artikelnummer: 1937008"},{"key":"Lagerhinweis:","value":["Vor und nach dem Öffnen gekühlt bei max. 7°C lagern und nach dem Öffnen innerhalb 1 Tages verbrauchen."]},{"key":"Zutaten:","value":["Zutaten: Kartoffelpüree (Wasser, Kartoffelflocken (Kartoffeln, Curcuma)), HARTWEIZENGRIESS, Kartoffelstärke, EIER* 5%, MAGERMILCHPULVER, Speisesalz unjodiert, Rapsöl, Gewürzextrakt. *aus Bodenhaltung. In Großbuchstaben angegebene Zutaten enthalten allergene Inhaltsstoffe."]},{"key":"Allergene:","value":["Kann Spuren enthalten von:Schwefeldioxid und Sulphite, Sojabohnen und daraus gewonnene Erzeugnisse","Enthält:Eier und daraus gewonnene Erzeugnisse, Glutenhaltiges Getreide und daraus hergestellte Erzeugnisse, Milch und daraus gewonnene Erzeugnisse (inkl. Laktose)"]},{"key":"Zubereitung:","value":["Braten in FettSchupfnudeln mit etwas Butter in einer Pfanne bei mittlerer Hitze unter mehrmaligem Wenden ca. 8 Minuten goldbraun braten."]},{"key":"Identitätskennzeichen:","value":["CH 224"]},{"key":"Ursprungsland/Herkunftsort:","value":["Sorgfältig hergestellt in Liechtenstein"]},{"key":"Verbrauchen nach dem Öffnen:","value":["1 Tage"]},{"key":"Kontakt:","value":["SPAR Österr. Warenhandels-AG","Europastraße 3, 5015 Salzburg, Österreich"]}],"nutritions":[{"key":"","value":"Unzubereitet"},{"key":" ","value":"100 g"},{"key":"Energie","value":"677 kJ | 160 kcal"},{"key":"Fett","value":"1,3 g"},{"key":"Fett, davon gesättigte Fettsäuren","value":"0,3 g"},{"key":"Kohlenhydrate","value":"31 g"},{"key":"Kohlenhydrate, davon Zucker","value":"3,3 g"},{"key":"Ballaststoffe","value":"1,7 g"},{"key":"Eiweiß","value":"5,2 g"},{"key":"Salz","value":"1,3 g"},{"key":"Broteinheiten","value":"2,6 BE"},{"key":"","value":"Unzubereitet"},{"key":" ","value":"Portion (250 g)"},{"key":"Energie","value":"1704 kJ | 400 kcal | 20 %"},{"key":"Fett","value":"3,3 g | 5 %"},{"key":"Fett, davon gesättigte Fettsäuren","value":"0,8 g | 4 %"},{"key":"Kohlenhydrate","value":"78 g"},{"key":"Kohlenhydrate, davon Zucker","value":"8,3 g | 9 %"},{"key":"Ballaststoffe","value":"4,3 g"},{"key":"Eiweiß","value":"13 g"},{"key":"Salz","value":"3,3 g | 55 %"},{"key":"Broteinheiten","value":"6,5 BE"}],"tags":[]},
    {"url":"https://www.interspar.at/shop/lebensmittel/p/196055","data":[{"key":"price","value":"1,39 €"},{"key":"oldPrice","value":"\n\t\t\t\t\t\n\t\t\t\t\t \n\t\t\t\t"},{"key":"pricePerUnit","value":"(6.95 €/kg)"},{"key":"productDetailsName","value":"Efko - Schweizer Wurstsalat - 200 G"},{"key":"detailsDescription","value":"200 G"},{"key":"articleNumber","value":"Artikelnummer: 196055"},{"key":"Lagerhinweis:","value":["Gekühlt lagern (3 - 9°C). Nach dem Öffnen noch 3 Tage haltbar."]},{"key":"Zutaten:","value":["Zutaten: 44% Mayonnaise 50% Fett (Rapsöl, Wasser, EIGELB, Zucker, modifizierte Maisstärke, Weingeistessig, Senf [Wasser, SENFSAAT, Weingeistessig, Zucker, Speisesalz, Gewürze, Aroma], Speisesalz, Konservierungsstoff: Natriumbenzoat, Kaliumsorbat, Verdickungsmittel: Xanthan), 30% Extrawurst (Schweine- und Rindfleisch, Speck, Wasser, Kartoffelstärke, Nitritpökelsalz, [Speisesalz, Konservierungsstoff: Natriumnitrit], Stabilisator: Triphosphat, Geschmacksverstärker: Mononatriumglutamat, Traubenzucker, Antioxidationsmittel: Isoascorbinsäure, Gewürze, Oligofructose, Gewürzextrakte, Aroma, Farbstoff: echtes Karmin), 15% Gurken, 10% BERGBARONKÄSE, Zucker. In Großbuchstaben angegebene Zutaten enthalten allergene Inhaltsstoffe."]},{"key":"Allergene:","value":["Enthält:Eier und daraus gewonnene Erzeugnisse, Milch und daraus gewonnene Erzeugnisse (inkl. Laktose), Senf und daraus gewonnene Erzeugnisse"]},{"key":"Verbrauchen nach dem Öffnen:","value":["3 Tage"]},{"key":"Kontakt:","value":["Efko Frischfrucht & Delikatessen GmbH","Hinzenbach 38, 4070 Eferding, Österreich"]}],"nutritions":[{"key":"","value":"Unzubereitet"},{"key":" ","value":"100 g"},{"key":"Energie","value":"1456 kJ | 352 kcal"},{"key":"Fett","value":"33 g"},{"key":"Fett, davon gesättigte Fettsäuren","value":"6,4 g"},{"key":"Kohlenhydrate","value":"5 g"},{"key":"Kohlenhydrate, davon Zucker","value":"2,4 g"},{"key":"Eiweiß","value":"8,6 g"},{"key":"Salz","value":"1,6 g"}],"tags":["Glutenfrei","Lactosefrei","immer Billig"]},
    {"url":"https://www.interspar.at/shop/lebensmittel/p/2020000725510","data":[{"key":"price","value":"1,99 €"},{"key":"oldPrice","value":"\n\t\t\t\t\t\n\t\t\t\t\t \n\t\t\t\t"},{"key":"pricePerUnit","value":"(7.37 €/kg)"},{"key":"productDetailsName","value":"Tante Fanny - Frischer Dinkel-Blätterteig - 270 G"},{"key":"detailsDescription","value":"270 G"},{"key":"articleNumber","value":"Artikelnummer: 2020000725510"},{"key":"Lagerhinweis:","value":["Gekühlt lagern bei +2°C bis +8°C."]},{"key":"Zutaten:","value":["Zutaten: 46% DINKELMEHL; pflanzliches Fett (Palm) und pflanzliches Öl (Raps); Trinkwasser; Ethylalkohol; WEIZENSTÄRKE; Zucker, Speisesalz, Säuerungsmittel: Citronensäure; Antioxidationsmittel: Ascorbinsäure. In Großbuchstaben angegebene Zutaten enthalten allergene Inhaltsstoffe."]},{"key":"Allergene:","value":["Enthält:Glutenhaltiges Getreide und daraus hergestellte Erzeugnisse"]},{"key":"","value":["Laktosegehalt < 0,1%"]},{"key":"","value":["Laktosefrei"]},{"key":"Zubereitung:","value":["BackenFrischen Dinkel-Blätterteig ca. 5-10 Minuten vor dem Verarbeiten aus dem Kühlschrank nehmen. 1. Backrohr auf 220° C Heißluft vorheizen. 2. Frischen Dinkel-Blätterteig aus der Verpackung nehmen und auf dem Backblech mit dem mitgerollten Backpapier entrollen. 3. Frischer Dinkel-Blätterteig ist sehr ainfach und vielfältig zu bearbeiten: Kleingebäck süß: Kipferl, Topfen-Beerentaschen, Nussstangerl,... Kleingebäck pikant: würzige Käsestangerl, Schinkenkipferl,... Strudel süß: Apfel- Topfen- oder Weintraubenstrudel,... Strudel pikant: Gemüse/Käse-, Kraut- oder Spinat/Schafkäsestrudel,...","BackenKleingebäck ca. 10 - 15 Min., Strudel ca. 25 - 30 Min. Tipp: Gebäck vor dem Backen mit Wasser order verquirltem Ei bestreichen."]},{"key":"Verwendungshinweis:","value":["Nach dem Öffnen umgehend verbrauchen. Zum Tiefkühlen geeignet. Tiefgekühlt bei -18°C ab dem Tag des Einfrierens 6 Monate haltbar. Die Auftauzeit von tiefgekühltem Blätterteig beträgt bei Raumtemperatur ca. 3 Stunden, im Kühlschrank ca. 10 Stunden. Aufgetauten Teig nicht wieder einfrieren."]},{"key":"Kontakt:","value":["Tante Fanny Frischteig GmbH","Parkstraße 24, 4311 Schwertberg, Österreich"]}],"nutritions":[{"key":"","value":"Unzubereitet"},{"key":" ","value":"100 g"},{"key":"Energie","value":"1659 kJ | 398 kcal"},{"key":"Fett","value":"24 g"},{"key":"Fett, davon gesättigte Fettsäuren","value":"13 g"},{"key":"Kohlenhydrate","value":"36 g"},{"key":"Kohlenhydrate, davon Zucker","value":"< 1,7 g"},{"key":"Ballaststoffe","value":"2,2 g"},{"key":"Eiweiß","value":"8,3 g"},{"key":"Salz","value":"0,85 g"}],"tags":["Lactosefrei"]},
    {"url":"https://www.interspar.at/shop/lebensmittel/p/2020000746614","data":[{"key":"price","value":"2,99 €"},{"key":"oldPrice","value":"\n\t\t\t\t\t\n\t\t\t\t\t \n\t\t\t\t"},{"key":"pricePerUnit","value":"(14.95 €/kg)"},{"key":"productDetailsName","value":"Schärdinger - Raclette in Scheiben - 200 G"},{"key":"detailsDescription","value":"200 G"},{"key":"articleNumber","value":"Artikelnummer: 2020000746614"},{"key":"Lagerhinweis:","value":["Vor und nach dem Öffnen gekühlt (3 - 6 °C) lagern. Nach dem Öffnen innerhalb weniger Tage verbrauchen."]},{"key":"Allergene:","value":["Enthält:Milch und daraus gewonnene Erzeugnisse (inkl. Laktose)"]},{"key":"","value":["Laktosefrei"]},{"key":"Identitätskennzeichen:","value":["AT 40153 EG"]},{"key":"Ursprungsland/Herkunftsort:","value":["Österreich"]},{"key":"Kontakt:","value":["Berglandmilch eGen","Schubertstraße 30, 4600 Wels, Österreich"]}],"nutritions":[{"key":"","value":"Unzubereitet"},{"key":" ","value":"100 g"},{"key":"Energie","value":"1518 kJ | 366 kcal"},{"key":"Fett","value":"30 g"},{"key":"Fett, davon gesättigte Fettsäuren","value":"19 g"},{"key":"Kohlenhydrate","value":"0 g"},{"key":"Kohlenhydrate, davon Zucker","value":"0 g"},{"key":"Eiweiß","value":"24 g"},{"key":"Salz","value":"2 g"}],"tags":["Gekühlt","Lactosefrei"]},
    {"url":"https://www.interspar.at/shop/lebensmittel/p/2020001554546","data":[{"key":"price","value":"2,49 €"},{"key":"oldPrice","value":"\n\t\t\t\t\t\n\t\t\t\t\t \n\t\t\t\t"},{"key":"pricePerUnit","value":"(5.53 €/kg)"},{"key":"productDetailsName","value":"Dr. Oetker - Frischer Germteig - 450 G"},{"key":"detailsDescription","value":"450 G"},{"key":"articleNumber","value":"Artikelnummer: 2020001554546"},{"key":"Lagerhinweis:","value":["Bei maximal +8°C lagern. Nach dem Öffnen umgehend verbrauchen."]},{"key":"Zutaten:","value":["Zutaten: WEIZENMEHL, Wasser, Zucker, Palmöl, Backtriebmittel: Diphosphate, Natriumcarbonat; Maismehl, Rapsöl, VOLLEI, Trockenbackhefe, Ethylalkohol, Salz, Dextrose, WEIZENGLUTEN, Säuerungsmittel: Citronensäure, Natriumascorbat. In Großbuchstaben angegebene Zutaten enthalten allergene Inhaltsstoffe."]},{"key":"Allergene:","value":["Kann Spuren enthalten von:Milch und daraus gewonnene Erzeugnisse (inkl. Laktose), Sojabohnen und daraus gewonnene Erzeugnisse","Enthält:Eier und daraus gewonnene Erzeugnisse, Glutenhaltiges Getreide und daraus hergestellte Erzeugnisse"]},{"key":"Zubereitung:","value":["BackenDen Germteig mindestens 30 Minuten vor Verarbeitung aus dem Kühlschrank nehmen.1. Den Germteig mit dem Backpapier auf einem Backblech aufrollen und mit einer Gabel mehrmals einstechen.2. Beliebig z. B. mit Obst oder Beeren belegen.3. Im vorgeheizten Backrohr bei 180 °C Ober-/Unterhitze (Heißluft: 160 Grad, Gas: Stufe 3) in der Mitte des Rohres 15 - 20 Min. backen."]},{"key":"Kontakt:","value":["Dr. Oetker GmbH","Ringmauergasse 9/1, 9500 Villach, Österreich"]}],"nutritions":[{"key":"","value":"Unzubereitet"},{"key":" ","value":"100 g"},{"key":"Energie","value":"1261 kJ | 299 kcal"},{"key":"Fett","value":"7,5 g"},{"key":"Fett, davon gesättigte Fettsäuren","value":"3,3 g"},{"key":"Kohlenhydrate","value":"48 g"},{"key":"Kohlenhydrate, davon Zucker","value":"10 g"},{"key":"Eiweiß","value":"6,4 g"},{"key":"Salz","value":"1,5 g"}],"tags":[]},
    {"url":"https://www.interspar.at/shop/lebensmittel/p/2020001556199","data":[{"key":"price","value":"1,79 €"},{"key":"oldPrice","value":"\n\t\t\t\t\t\n\t\t\t\t\t \n\t\t\t\t"},{"key":"pricePerUnit","value":"(6.51 €/kg)"},{"key":"productDetailsName","value":"Dr. Oetker - Frischer Blätterteig - 275 G"},{"key":"detailsDescription","value":"275 G"},{"key":"articleNumber","value":"Artikelnummer: 2020001556199"},{"key":"Lagerhinweis:","value":["Bei maximal +8°C lagern, nach dem Öffnen innerhalb von 2 Tagen aufbrauchen."]},{"key":"Zutaten:","value":["Zutaten: WEIZENMEHL, Wasser, Palmfett, Ethylalkohol, Zucker, Salz, Säuerungsmittel: Citronensäure. In Großbuchstaben angegebene Zutaten enthalten allergene Inhaltsstoffe."]},{"key":"Allergene:","value":["Enthält:Glutenhaltiges Getreide und daraus hergestellte Erzeugnisse"]},{"key":"Zubereitung:","value":["Backen1. Das Backrohr auf 200°C Ober-/Unterhitze (Heißluft: 180 °C, Gas: Stufe 4) vorheizen.2. Den Blätterteig aus der Verpackung nehmen und auf dem Backblech mit  dem Backpapier entrollen.3. Aus dem Teig die gewünschten Teigstücke formen, mit Wasser oder versprudeltem Ei bestreichen und je nach Größe 15 - 25 Minuten goldbraun backen."]},{"key":"Verbrauchen nach dem Öffnen:","value":["2 Tage"]},{"key":"Verwendungshinweis:","value":["Frischer Blätterteig eignet sich für süße und pikante Speisen wie z. B. Strudel, Golatschen, Kleingebäcke etc. Blätterteig immer kühl verarbeiten."]},{"key":"Kontakt:","value":["Dr. Oetker GmbH","Ringmauergasse 9/1, 9500 Villach, Österreich"]}],"nutritions":[{"key":"","value":"Unzubereitet"},{"key":" ","value":"100 g"},{"key":"Energie","value":"1575 kJ | 378 kcal"},{"key":"Fett","value":"23 g"},{"key":"Fett, davon gesättigte Fettsäuren","value":"14 g"},{"key":"Kohlenhydrate","value":"33 g"},{"key":"Kohlenhydrate, davon Zucker","value":"2 g"},{"key":"Eiweiß","value":"4,9 g"},{"key":"Salz","value":"0,6 g"}],"tags":["Lactosefrei"]},
    {"url":"https://www.interspar.at/shop/lebensmittel/p/2020001702992","data":[{"key":"price","value":"1,99 €"},{"key":"oldPrice","value":"\n\t\t\t\t\t\n\t\t\t\t\t \n\t\t\t\t"},{"key":"pricePerUnit","value":"(9.95 €/kg)"},{"key":"productDetailsName","value":"Dr. Oetker - Frischer Strudelteig - 200 G"},{"key":"detailsDescription","value":"200 G"},{"key":"articleNumber","value":"Artikelnummer: 2020001702992"},{"key":"Lagerhinweis:","value":["Bei max. +8°C lagern."]},{"key":"Zutaten:","value":["Zutaten: WEIZENMEHL, Wasser, Salz, Emulgator: Lecithine (SOJA), Konservierungsstoff: Kaliumsorbat, Säureregulatoren: Kaliumcitrate, Natriumdiacetat; Mehlbehandlungsmittel: L-Cystein, Maisstärke. In Großbuchstaben angegebene Zutaten enthalten allergene Inhaltsstoffe."]},{"key":"Allergene:","value":["Enthält:Glutenhaltiges Getreide und daraus hergestellte Erzeugnisse, Sojabohnen und daraus gewonnene Erzeugnisse"]},{"key":"Zubereitung:","value":["BackenAchtung: Folie vor Verarbeitung entfernen! 1. Die Strudelteigblätter auf einem feuchten Küchentuch auslegen. Die einzelnen Lagen mit zerlassener Butter bestreichen und überlappend übereinander legen. 2. Darauf die Füllung (nach Belieben süß oder pikant) verteilen. Die Ränder nach innen einschlagen und den Strudel mithilfe des Tuches aufrollen. 3. Auf einem mit Backpapier ausgelegten Backblech in der Mitte des vorgeheizten Backrohres bei 180°C Ober-/Unterhitze (Heißluft: 160 Grad, Gas: Stufe 3) ca. 35 Min. backen."]},{"key":"Kontakt:","value":["Dr. Oetker GmbH","Ringmauergasse 9/1, 9500 Villach, Österreich"]}],"nutritions":[{"key":"","value":"Unzubereitet"},{"key":" ","value":"100 g"},{"key":"Energie","value":"1164 kJ | 274 kcal"},{"key":"Fett","value":"0,9 g"},{"key":"Fett, davon gesättigte Fettsäuren","value":"0,4 g"},{"key":"Kohlenhydrate","value":"58 g"},{"key":"Kohlenhydrate, davon Zucker","value":"0,5 g"},{"key":"Eiweiß","value":"8,1 g"},{"key":"Salz","value":"1,6 g"}],"tags":[]},
    {"url":"https://www.interspar.at/shop/lebensmittel/p/2020001703012","data":[{"key":"price","value":"2,49 €"},{"key":"oldPrice","value":"\n\t\t\t\t\t\n\t\t\t\t\t \n\t\t\t\t"},{"key":"pricePerUnit","value":"(6.23 €/kg)"},{"key":"productDetailsName","value":"Dr. Oetker - Frischer Pizzateig - 400 G"},{"key":"detailsDescription","value":"400 G"},{"key":"articleNumber","value":"Artikelnummer: 2020001703012"},{"key":"Lagerhinweis:","value":["Bei max. +8°C lagern."]},{"key":"Zutaten:","value":["Zutaten: WEIZENMEHL, Wasser, Palmfett, 1,5% Olivenöl, Backtriebmittel: Diphosphate, Natriumcarbonate; Rapsöl, Hefe, Ethylalkohol, Salz, Säuerungsmittel: Citronensäure. In Großbuchstaben angegebene Zutaten enthalten allergene Inhaltsstoffe."]},{"key":"Allergene:","value":["Enthält:Glutenhaltiges Getreide und daraus hergestellte Erzeugnisse"]},{"key":"","value":["Ohne Farbstoffe"]},{"key":"Zubereitung:","value":["Backen1. Das Backrohr auf 220°C Ober- und Unterhitze (Heißluft 200°C, Gas: Stufe 5) vorheizen. 2. Teig mit dem Backpapier auf dem Backblech ausrollen und beliebig belegen. 3. Die Pizza in der Mitte des Rohres ca. 15-20 Minuten backen. Rezepttipps: - Pizza: 1. Teig mit dem Backpapier auf dem Backblech ausrollen. 2. Für die Tomatensauce 4 geschälte, entkernte Tomaten pürieren. Mit Salz, weißem Pfeffer und Oregano verrühren und auf den Teig streichen. 3. Beliebig mit Schinken oder Salami und Mozzarella belegen und mit dem geschnittenen Basilikum oder Oregano bestreuen. Das Blech in die Mitte des vorgeheizten Rohres schieben (Ober-/Unterhitze: 220°C; Heißluft: 200°C; Gas: Stufe 5; Backzeit: ca. 15 Minuten). - Pizzastangerl: Den Teig in Streifen schneiden und mit der Tomatensauce bestreichen. Zu Stangerln drehcen und aus das mit dem Backpapier ausgelegte Backblech legen (Ober-/Unterhitze: 200°C; Heißluft: 180°C; Gas: Stufe 4; Backzeit: ca. 10 Minuten)."]},{"key":"Kontakt:","value":["Dr. Oetker GmbH","Postfach 19, 9500 Villach, Österreich"]}],"nutritions":[{"key":"","value":"Unzubereitet"},{"key":" ","value":"100 g"},{"key":"Energie","value":"1098 kJ | 260 kcal"},{"key":"Fett","value":"5,1 g"},{"key":"Fett, davon gesättigte Fettsäuren","value":"2,2 g"},{"key":"Kohlenhydrate","value":"44 g"},{"key":"Kohlenhydrate, davon Zucker","value":"3,3 g"},{"key":"Eiweiß","value":"6,6 g"},{"key":"Salz","value":"1,8 g"}],"tags":["Vegan"]},
    {"url":"https://www.interspar.at/shop/lebensmittel/p/2020001703586","data":[{"key":"price","value":"2,49 €"},{"key":"oldPrice","value":"\n\t\t\t\t\t\n\t\t\t\t\t \n\t\t\t\t"},{"key":"pricePerUnit","value":"(7.32 €/kg)"},{"key":"productDetailsName","value":"Tante Fanny - Frische Flammkuchenböden 4 Stück - 340 G"},{"key":"detailsDescription","value":"340 G"},{"key":"articleNumber","value":"Artikelnummer: 2020001703586"},{"key":"Lagerhinweis:","value":["Gekühlt lagern bei +2°C bis +8°C. Nach dem Öffnen umgehend verbrauchen."]},{"key":"Zutaten:","value":["Zutaten: WEIZENMEHL, Wasser, Rapsöl, Speisesalz. In Großbuchstaben angegebene Zutaten enthalten allergene Inhaltsstoffe."]},{"key":"Allergene:","value":["Enthält:Glutenhaltiges Getreide und daraus hergestellte Erzeugnisse"]},{"key":"","value":["Laktosefrei"]},{"key":"Zubereitung:","value":["Backen1. Backrohr auf 250°C - 270°C Ober- und Unterhitze vorheizen2. Flammkuchenboden aus der Verpackung nehmen und direkt auf ein beschichtetes Backblech legen. Rezeptidee für Elsässer Flammkuchen: 1. Den Flammkuchenboden bis an den Rand mit ca. 60g Crème fraiche (oder Sauerrahm bzw. Schmand) bestreichen. 2. Ca. 40g Speck und 30g Zwiebel in gleich große Würfel oder Ringe schneiden, über der Crème verteilen und bei 250°C - 270°C  ca. 6-7 Minuten im Backrohr (unteres Drittel) knusprig backen. Werden Sie kreativ und belegen Sie Ihre Flammkuchenböden mit verschiedenen Zutaten wie Spinat & Schafkäse, Lachs, frischem Gemüse oder süß mit Apfelscheiben und Zimt."]},{"key":"Kontakt:","value":["Tante Fanny Frischteig GmbH","Parkstraße 24, 4311 Schwertberg, Österreich"]}],"nutritions":[{"key":"","value":"Unzubereitet"},{"key":" ","value":"100 g"},{"key":"Energie","value":"1133 kJ | 268 kcal"},{"key":"Fett","value":"3,2 g"},{"key":"Fett, davon gesättigte Fettsäuren","value":"0,4 g"},{"key":"Kohlenhydrate","value":"52 g"},{"key":"Kohlenhydrate, davon Zucker","value":"1,5 g"},{"key":"Ballaststoffe","value":"2,2 g"},{"key":"Eiweiß","value":"7 g"},{"key":"Salz","value":"1,6 g"}],"tags":["Vegan","Lactosefrei"]},
    {"url":"https://www.interspar.at/shop/lebensmittel/p/2020001806133","data":[{"key":"price","value":"2,49 €"},{"key":"oldPrice","value":"\n\t\t\t\t\t\n\t\t\t\t\t \n\t\t\t\t"},{"key":"pricePerUnit","value":"(9.96 €/kg)"},{"key":"productDetailsName","value":"Rana - Pasta per Lasagne - 250 G"},{"key":"detailsDescription","value":"250 G"},{"key":"articleNumber","value":"Artikelnummer: 2020001806133"},{"key":"Lagerhinweis:","value":["Im Kühlschrank bis max. +7°C aufbewahren."]},{"key":"Zutaten:","value":["Zutaten: WEICHWEIZENMEHL, HARTWEIZENGRIESS, EIER 18%, Wasser. In Großbuchstaben angegebene Zutaten enthalten allergene Inhaltsstoffe."]},{"key":"Allergene:","value":["Enthält:Eier und daraus gewonnene Erzeugnisse, Glutenhaltiges Getreide und daraus hergestellte Erzeugnisse"]},{"key":"Zubereitung:","value":["BackenDie Pasta direkt in die Auflaufform geben, dabei die Lasagneblätter abwechselnd mit Fleischsoße und Bechamelsoße, die beide ziemlich flüssig sein sollten, Schichtweise einlegen. Die oberste Schicht mit geriebenemm Käse bestreuen und im Backofen bei 170°C 20 Minuten lang überbacken."]},{"key":"Ursprungsland/Herkunftsort:","value":["Italien"]},{"key":"Kontakt:","value":["Pastificio Rana S.p.A.","Via Pacinotti 2, 37057 San Giovanni Lupatoto, Italien"]}],"nutritions":[{"key":"","value":"Unzubereitet"},{"key":" ","value":"100 g"},{"key":"Energie","value":"1220 kJ | 288 kcal"},{"key":"Fett","value":"2,8 g"},{"key":"Fett, davon gesättigte Fettsäuren","value":"0,8 g"},{"key":"Kohlenhydrate","value":"53 g"},{"key":"Kohlenhydrate, davon Zucker","value":"1,4 g"},{"key":"Eiweiß","value":"11 g"},{"key":"Salz","value":"0,07 g"}],"tags":[]},
    {"url":"https://www.interspar.at/shop/lebensmittel/p/2209869","data":[{"key":"price","value":"0,90 €"},{"key":"oldPrice","value":"\n\t\t\t\t\t\n\t\t\t\t\t \n\t\t\t\t"},{"key":"pricePerUnit","value":"(17.90 €/kg)"},{"key":"productDetailsName","value":"Feinkost Leitinger - Wurstsalat nach Schweizer Art mit Paprika und Emmentalerkäse - 1 KG"},{"key":"detailsDescription","value":"1 KG"},{"key":"articleNumber","value":"Artikelnummer: 2209869"},{"key":"Lagerhinweis:","value":["gekühlt lagern bei +3° bis 6°C"]},{"key":"Zutaten:","value":["Zutaten: Extrawurst (Schweine- und Rindfleisch (63%),Wasser, Nitritpökelsalz (Kochsalz unjodiert,Konservierungsmittel: Natriumnitrit),Kartoffelstärke,Glucosesirup,Gewürze, Gewürzextrakte,Stabilisator:Diphosphate, Geschmacksverstärker:E621,Maltodextrin, Verdickungsmittel:E466,Antioxidationsmittel:Ascorbinsäure, Farbstoff:Echtes Karmin),Trinkwasser,Pflanzenöl,Essiggurken(Salatgurken,Branntweinessig,Salz, natürliche Aromen, Gewürzauszüge,Saccharin),EMMENTALERKÄSE 45% Fett, Essig 10%,Paprika,Salz jodiert,Zucker,Pfeffer. In Großbuchstaben angegebene Zutaten enthalten allergene Inhaltsstoffe."]},{"key":"Allergene:","value":["Enthält:Milch und daraus gewonnene Erzeugnisse (inkl. Laktose)"]},{"key":"Kontakt:","value":["Feinkost Leitinger","Römerstraße 8, 5322 Hof bei Salzburg, Österreich"]}],"nutritions":[{"key":"","value":"Zubereitet"},{"key":" ","value":"100 g"},{"key":"Energie","value":"884 kJ | 214 kcal"},{"key":"Fett","value":"19,9 g"},{"key":"Fett, davon gesättigte Fettsäuren","value":"5 BE"},{"key":"Kohlenhydrate","value":"1,6 g"},{"key":"Kohlenhydrate, davon Zucker","value":"0,9 g"},{"key":"Ballaststoffe","value":"0,2 g"},{"key":"Eiweiß","value":"6,4 g"},{"key":"Salz","value":"1,84 g"},{"key":"Broteinheiten","value":"0,1 BE"}],"tags":["Gekühlt","Glutenfrei","Lactosefrei"]},
    {"url":"https://www.interspar.at/shop/lebensmittel/p/2209920","data":[{"key":"price","value":"0,84 €"},{"key":"oldPrice","value":"\n\t\t\t\t\t\n\t\t\t\t\t \n\t\t\t\t"},{"key":"pricePerUnit","value":"(16.90 €/kg)"},{"key":"productDetailsName","value":"Feinkost Leitinger - Wurstsalat mit Extrawurst und Essiggurken - 1 KG"},{"key":"detailsDescription","value":"1 KG"},{"key":"articleNumber","value":"Artikelnummer: 2209920"},{"key":"Lagerhinweis:","value":["gekühlt lagern bei +3° - 6°C"]},{"key":"Zutaten:","value":["Zutaten:Extrawurst(Schweine-u.Rindfleisch63%,Wasser,Nitritpökelsalz(Salz,KonservierungsstoffE250),Stärke,Glucosesirup,Gewürze, GeschmacksverstärkerE621,Maltodextrin,AntioxidationsmittelE300),MAYONNAISE50%Fett(Rapsöl,Wasser,Zucker,3,7%past.EIGELB,modif.Stärke,Weingeistessig,Zucker,Salz,Gewürze, SENFSAAT,SäuerungsmittelE330;VerdickungsmittelE412;Aromen),Essiggurken(Gurken,Weingeistessig,Salz,Aromen,Gewürze,SüßungsmittelE954),JOGHURT3,6%Fett,Salz,Pfeffer,Aroma,Fructose,KonservierungsstoffE200. In Großbuchstaben angegebene Zutaten enthalten allergene Inhaltsstoffe."]},{"key":"Allergene:","value":["Enthält:Eier und daraus gewonnene Erzeugnisse, Milch und daraus gewonnene Erzeugnisse (inkl. Laktose), Senf und daraus gewonnene Erzeugnisse"]},{"key":"Zubereitung:","value":["VerzehrfertigKeine weitere Zubereitung erforderlich"]},{"key":"Kontakt:","value":["Feinkost Leitinger","Römerstraße 8, 5322 Hof bei Salzburg, Österreich"]}],"nutritions":[{"key":"","value":"Zubereitet"},{"key":" ","value":"100 g"},{"key":"Energie","value":"1049 kJ | 254 kcal"},{"key":"Fett","value":"23,2 g"},{"key":"Kohlenhydrate","value":"4,8 g"},{"key":"Kohlenhydrate, davon Zucker","value":"3,1 g"},{"key":"Ballaststoffe","value":"0,3 g"},{"key":"Eiweiß","value":"5,9 g"},{"key":"Salz","value":"1,9 g"},{"key":"Broteinheiten","value":"0,4 BE"}],"tags":["Gekühlt","Glutenfrei"]},
    {"url":"https://www.interspar.at/shop/lebensmittel/p/2624679","data":[{"key":"price","value":"2,59 €"},{"key":"oldPrice","value":"\n\t\t\t\t\t\n\t\t\t\t\t \n\t\t\t\t"},{"key":"pricePerUnit","value":"(12.95 €/kg)"},{"key":"productDetailsName","value":"Efko - Neuburger Salat 50% weniger Fett - 200 G"},{"key":"detailsDescription","value":"200 G"},{"key":"articleNumber","value":"Artikelnummer: 2624679"},{"key":"Lagerhinweis:","value":["Gekühlt lagern (3 - 9°C). Nach dem Öffnen noch 3 Tage haltbar."]},{"key":"Zutaten:","value":["Zutaten: 30% Neuburger (Brätwurst aus 65% Rind- und Schweinefleisch, Speck, Wasser, Speisesalz, Stabilisator: Natriumdiphosphat, Dextrose, Geschmacksverstärker: Mononatriumglutamat, Antioxidationsmittel: Ascorbinsäure, Gewürze, Gewürzeextrakte, Knoblauch, Konservierungsstoff: Natriumnitrat), 20% Leichtmayonnaise 25% Fett (Wasser, Rapsöl, JOGHURTPULVER, EIGELB, Senf (Wasser, SENFSAAT, Weingeistessig, Zucker, Speisesalz, Gewürze, Aroma), Speisesalz, Verdickungsmittel: Xanthan, Säuerungsmittel: Citronensäure, Konservierungsstoff: Natriumbenzoat, Kaliumsorbat, Süßungsmittel: Saccharin), JOGHURT 3,6% Fett, Mais, Gurken, Paprika, QimiQ Rahmzubereitung (RAHM 15% Fett, Gelatine), Weingeistessig, Speisesalz, Zucker, Aroma (enthält WEIZEN). In Großbuchstaben angegebene Zutaten enthalten allergene Inhaltsstoffe."]},{"key":"Allergene:","value":["Enthält:Eier und daraus gewonnene Erzeugnisse, Glutenhaltiges Getreide und daraus hergestellte Erzeugnisse, Milch und daraus gewonnene Erzeugnisse (inkl. Laktose), Senf und daraus gewonnene Erzeugnisse"]},{"key":"Verbrauchen nach dem Öffnen:","value":["3 Tage"]},{"key":"Kontakt:","value":["Efko Frischfrucht & Delikatessen GmbH","Hinzenbach 38, 4070 Eferding, Österreich"]}],"nutritions":[{"key":"","value":"Unzubereitet"},{"key":" ","value":"100 g"},{"key":"Energie","value":"623 kJ | 150 kcal"},{"key":"Fett","value":"13 g"},{"key":"Fett, davon gesättigte Fettsäuren","value":"4,2 g"},{"key":"Kohlenhydrate","value":"3,3 g"},{"key":"Kohlenhydrate, davon Zucker","value":"0 g"},{"key":"Eiweiß","value":"5 g"},{"key":"Salz","value":"2 g"}],"tags":["Gekühlt","Glutenfrei"]},
    {"url":"https://www.interspar.at/shop/lebensmittel/p/3043745","data":[{"key":"price","value":"0,90 €"},{"key":"oldPrice","value":"\n\t\t\t\t\t\n\t\t\t\t\t \n\t\t\t\t"},{"key":"pricePerUnit","value":"(17.90 €/kg)"},{"key":"productDetailsName","value":"Cambozola - Torte - 1 KG"},{"key":"detailsDescription","value":"1 KG"},{"key":"articleNumber","value":"Artikelnummer: 3043745"},{"key":"Lagerhinweis:","value":["Gekühlt lagern bei +2° bis +8°C."]},{"key":"Zutaten:","value":["Zutaten: pasteurisierte MILCH, RAHM, Kochsalz, mikrobielles Lab, Milchsäuerungskulturen, Reifungskulturen. In Großbuchstaben angegebene Zutaten enthalten allergene Inhaltsstoffe."]},{"key":"Allergene:","value":["Enthält:Milch und daraus gewonnene Erzeugnisse (inkl. Laktose)"]},{"key":"Identitätskennzeichen:","value":["DE BY 777711 EG"]},{"key":"Ursprungsland/Herkunftsort:","value":["Deutschland"]},{"key":"Kontakt:","value":["Käserei Champignon Hofmeister GmbH & Co. KG Kemptener","Straße 17-24, 87493 Lauben, Deutschland"]}],"nutritions":[{"key":"","value":"Unzubereitet"},{"key":" ","value":"100 g"},{"key":"Energie","value":"1801 kJ | 436 kcal"},{"key":"Fett","value":"42 g"},{"key":"Fett, davon gesättigte Fettsäuren","value":"28 g"},{"key":"Kohlenhydrate","value":"0,5 g"},{"key":"Kohlenhydrate, davon Zucker","value":"0,5 g"},{"key":"Ballaststoffe","value":"0 g"},{"key":"Eiweiß","value":"14 g"},{"key":"Salz","value":"1,7 g"}],"tags":["Gekühlt","Glutenfrei","Lactosefrei"]},
    {"url":"https://www.interspar.at/shop/lebensmittel/p/3120804","data":[{"key":"price","value":"0,95 €"},{"key":"oldPrice","value":"\n\t\t\t\t\t\n\t\t\t\t\t \n\t\t\t\t"},{"key":"pricePerUnit","value":"(18.90 €/kg)"},{"key":"productDetailsName","value":"Bergader - Bavaria blu - 1 KG"},{"key":"detailsDescription","value":"1 KG"},{"key":"articleNumber","value":"Artikelnummer: 3120804"},{"key":"Lagerhinweis:","value":["Gekühlt bei + 2°C bis + 7°C lagern. Nach dem Öffnen innerhalb von 4 Tagen verbrauchen."]},{"key":"Allergene:","value":["Enthält:Milch und daraus gewonnene Erzeugnisse (inkl. Laktose)"]},{"key":"Verbrauchen nach dem Öffnen:","value":["4 Tage"]},{"key":"Kontakt:","value":["Bergader Privatkäserei GmbH","Weixlerstraße 16, 83329 Waging am See, Österreich","info@bergader.de"]}],"nutritions":[{"key":"","value":"Unzubereitet"},{"key":" ","value":"100 g"},{"key":"Energie","value":"1845 kJ | 447 kcal"},{"key":"Fett","value":"43,3 g"},{"key":"Fett, davon gesättigte Fettsäuren","value":"29,9 g"},{"key":"Kohlenhydrate","value":"0,3 g"},{"key":"Kohlenhydrate, davon Zucker","value":"0,1 g"},{"key":"Eiweiß","value":"14 g"},{"key":"Salz","value":"1,5 g"}],"tags":["Gekühlt","Glutenfrei"]},
    {"url":"https://www.interspar.at/shop/lebensmittel/p/3304976","data":[{"key":"price","value":"1,89 €"},{"key":"oldPrice","value":"\n\t\t\t\t\t\n\t\t\t\t\t \n\t\t\t\t"},{"key":"pricePerUnit","value":"(5.73 €/kg)"},{"key":"productDetailsName","value":"Efko - Wurst Salat - 330 G"},{"key":"detailsDescription","value":"330 G"},{"key":"articleNumber","value":"Artikelnummer: 3304976"},{"key":"Lagerhinweis:","value":["Gekühlt lagern (3 - 9°C). Nach dem Öffnen noch 3 Tage haltbar."]},{"key":"Zutaten:","value":["Zutaten: 40% Mayonnaise 50% Fett (Rapsöl, Wasser, Zucker, EIGELB, Senf (Wasser, SENFSAAT, Weingeistessig, Zucker, Salz, Gewürze, Aroma), Weingeistessig, Konservierungsstoff: Natriumbenzoat, Kaliumsorbat, Salz, modifizierte Maisstärke, Verdickungsmittel: Xanthan), 30% Extrawurst (Schweine- und Rindfleisch, Speck, Wasser, Kartoffelstärke, Nitritpökelsalz (Kochsalz, Konservierungsstoff: Natriumnitrit), Stabilisator: Triphosphat, Geschmacksverstärker: Mononatriumglutamat, Traubenzucker, Antioxidationsmittel: Isoascorbinsäure, Farbstoff: Echtes Karmin), 30% Gurken. In Großbuchstaben angegebene Zutaten enthalten allergene Inhaltsstoffe."]},{"key":"Allergene:","value":["Enthält:Eier und daraus gewonnene Erzeugnisse, Senf und daraus gewonnene Erzeugnisse"]},{"key":"Verbrauchen nach dem Öffnen:","value":["3 Tage"]},{"key":"Kontakt:","value":["Efko Frischfrucht & Delikatessen GmbH","Hinzenbach 38, 4070 Eferding, Österreich"]}],"nutritions":[{"key":"","value":"Unzubereitet"},{"key":" ","value":"100 g"},{"key":"Energie","value":"1127 kJ | 273 kcal"},{"key":"Fett","value":"26 g"},{"key":"Fett, davon gesättigte Fettsäuren","value":"1,6 g"},{"key":"Kohlenhydrate","value":"4,9 g"},{"key":"Kohlenhydrate, davon Zucker","value":"3,6 g"},{"key":"Eiweiß","value":"4,1 g"},{"key":"Salz","value":"0,68 g"}],"tags":["Glutenfrei","Lactosefrei"]},
    {"url":"https://www.interspar.at/shop/lebensmittel/p/3516034","data":[{"key":"price","value":"1,99 €"},{"key":"oldPrice","value":"\n\t\t\t\t\t\n\t\t\t\t\t \n\t\t\t\t"},{"key":"pricePerUnit","value":"(5.31 €/kg)"},{"key":"productDetailsName","value":"Feinkost Spak - Wurst Salat Klassik - 375 G"},{"key":"detailsDescription","value":"375 G"},{"key":"articleNumber","value":"Artikelnummer: 3516034"},{"key":"Lagerhinweis:","value":["Gekühlt lagern bei +2°C bis +6°C. Nach dem Öffnen innerhalb von 5 Tagen verbrauchen."]},{"key":"Zutaten:","value":["Zutaten: Trinkwasser, Rapsöl, 31% Extrawurst [Schweinefleisch, Rindfleisch, Speck, Trinkwasser, Nitritpökelsalz (Speisesalz, Konservierungsstoff: Natriumnitrit), Stabilisator: Diphosphate; Speisewürze, Zucker, Gewürzextrakte, Aroma, Antioxidationsmittel: Ascorbinsäure], Zucker, MAGERJOGHURT, Gemüsezubereitung (Mais, Gurken, Fisolen, Paprika, Süßungsmittel: Saccharin; Säuerungsmittel: Citronensäure), Speisesalz, Weingeistessig, EIGELB, SENFKORN, Gewürze, Rauch, Säuerungsmittel: Milchsäure; Verdickungsmittel: Xanthan, Guarkernmehl, Johannisbrotkernmehl; Konservierungsstoffe: Natriumbenzoat, Kaliumsorbat. In Großbuchstaben angegebene Zutaten enthalten allergene Inhaltsstoffe."]},{"key":"Allergene:","value":["Enthält:Eier und daraus gewonnene Erzeugnisse, Milch und daraus gewonnene Erzeugnisse (inkl. Laktose)"]},{"key":"Zusatztext:","value":["Hergestellt mit Eiern aus Freilandhaltung, Mayonnaise aus Rapsöl"]},{"key":"Verbrauchen nach dem Öffnen:","value":["5 Tage"]},{"key":"Kontakt:","value":["SP Feinkost Vertriebs GmbH","Laxenburgerstraße 365, 1230 Wien, Österreich"]}],"nutritions":[{"key":"","value":"Unzubereitet"},{"key":" ","value":"100 g"},{"key":"Energie","value":"1065 kJ | 258 kcal"},{"key":"Fett","value":"24 g"},{"key":"Fett, davon gesättigte Fettsäuren","value":"4,7 g"},{"key":"Kohlenhydrate","value":"5,3 g"},{"key":"Kohlenhydrate, davon Zucker","value":"3,3 g"},{"key":"Eiweiß","value":"4,8 g"},{"key":"Salz","value":"1,8 g"}],"tags":["Glutenfrei","Lactosefrei"]},
    {"url":"https://www.interspar.at/shop/lebensmittel/p/3715000","data":[{"key":"price","value":"1,79 €"},{"key":"oldPrice","value":"\n\t\t\t\t\t\n\t\t\t\t\t \n\t\t\t\t"},{"key":"pricePerUnit","value":"(7.16 €/kg)"},{"key":"productDetailsName","value":"Knack&Back - Croissants 6 Stück - 250 G"},{"key":"detailsDescription","value":"250 G"},{"key":"articleNumber","value":"Artikelnummer: 3715000"},{"key":"Lagerhinweis:","value":["Bei +2°C bis +7°C. Immer im Kühlschrank lagern. Nicht einfrieren. Frischteig auf einmal verbrauchen."]},{"key":"Zutaten:","value":["Zutaten: WEIZENMEHL, Wasser, pflanzliche Margarine (pflanzliche Fette und Öle (Palme, SOJA), Wasser, Emulgator: Mono- und Diglyceride von Speisefettsäuren, Polyglycerinester von Speisefettsäuren, Lecithine (SOJA); Speisesalz, Säureregulator: Milchsäure, Farbstoff: Beta-Carotin, Aroma), WEIZENGLUTEN, Zucker, Dextrose, Backtriebmittel: Dinatriumdiphosphat. Natriumhydrogencarbonat; Alkohol, Speisesalz, Aroma, Stabilisator: Xanthan, Mehlbehandlungsmittel: Ascorbinsäure, Sonnenblumenöl.  In Großbuchstaben angegebene Zutaten enthalten allergene Inhaltsstoffe."]},{"key":"Allergene:","value":["Kann Ei und Milch enthalten.","Kann Spuren enthalten von:Eier und daraus gewonnene Erzeugnisse, Milch und daraus gewonnene Erzeugnisse (inkl. Laktose)","Enthält:Glutenhaltiges Getreide und daraus hergestellte Erzeugnisse, Sojabohnen und daraus gewonnene Erzeugnisse"]},{"key":"Zubereitung:","value":["Backen1. Dose öffnen & drehen. 2. Teig entrollen & in Dreiecke trennen. 3. Zur Spitze hin aufrollen & formen. 4. Im vorgeheizten Ofen bei 200°C (Umluft 180°C) 10-15 Min. auf Backpapier backen."]},{"key":"Kontakt:","value":["General Mills GmbH","Osterbekstr. 90c, D-22083 Hamburg"]}],"nutritions":[{"key":" ","value":"100 g"},{"key":"","value":"Unzubereitet"},{"key":"Energie","value":"1374 kJ | 328 kcal"},{"key":"Fett","value":"16,1 g"},{"key":"Fett, davon gesättigte Fettsäuren","value":"8,5 g"},{"key":"Kohlenhydrate","value":"37,3 g"},{"key":"Kohlenhydrate, davon Zucker","value":"5,8 g"},{"key":"Ballaststoffe","value":"1,5 g"},{"key":"Eiweiß","value":"7,8 g"},{"key":"Salz","value":"2,2 g"},{"key":" ","value":"Portion (42 g)"},{"key":"","value":"Zubereitet"},{"key":"Energie","value":"577 kJ | 138 kcal | 7 %"},{"key":"Fett","value":"6,8 g | 10 %"},{"key":"Fett, davon gesättigte Fettsäuren","value":"3,6 g | 18 %"},{"key":"Kohlenhydrate","value":"15,7 g | 6 %"},{"key":"Kohlenhydrate, davon Zucker","value":"2,4 g | 3 %"},{"key":"Ballaststoffe","value":"0,6 g"},{"key":"Eiweiß","value":"3,3 g | 7 %"},{"key":"Salz","value":"0,9 g | 16 %"}],"tags":[]},
    {"url":"https://www.interspar.at/shop/lebensmittel/p/3715055","data":[{"key":"price","value":"1,79 €"},{"key":"oldPrice","value":"\n\t\t\t\t\t\n\t\t\t\t\t \n\t\t\t\t"},{"key":"pricePerUnit","value":"(7.78 €/kg)"},{"key":"productDetailsName","value":"Knack&Back - Hörnchen 6 Stück - 230 G"},{"key":"detailsDescription","value":"230 G"},{"key":"articleNumber","value":"Artikelnummer: 3715055"},{"key":"Lagerhinweis:","value":["Bei +2°C bis +7°C. Immer im Kühlschrank lagern. Nicht einfrieren. Frischteig auf einmal verbrauchen."]},{"key":"Zutaten:","value":["Zutaten: WEIZENMEHL, Wasser, pflanzliche Margarine (pflanzliche Fette und Öle (Palme, SOJA), Wasser, Emulgator: Mono- und Diglyceride von Speisefettsäuren, Polyglycerinester von Speisefettsäuren, Lecithine (SOJA); Speisesalz, Säureregulator: Milchsäure, Farbstoff: Beta-Carotin, Aroma), Zucker, Dextrose, WEIZENGLUTEN, Backtriebmittel: Dinatriumdiphosphat, Natriumhydrogencarbonat; Alkohol, Speisesalz, Stabilisator: Xanthan, Mehlbehandlungsmittel: Ascorbinsäure, Sonnenblumenöl. In Großbuchstaben angegebene Zutaten enthalten allergene Inhaltsstoffe."]},{"key":"Allergene:","value":["Kann Ei und Milch enthalten.","Kann Spuren enthalten von:Eier und daraus gewonnene Erzeugnisse, Milch und daraus gewonnene Erzeugnisse (inkl. Laktose)","Enthält:Glutenhaltiges Getreide und daraus hergestellte Erzeugnisse, Sojabohnen und daraus gewonnene Erzeugnisse"]},{"key":"Zubereitung:","value":["Backen1. Dose öffnen & drehen. 2. Teig entrollen & in Dreiecke trennen. 3. Zur Spitze hin aufrollen & formen. 4. Im vorgeheizten Ofen bei 200°C (Umluft 180°C) 12-15 Min. auf Backpapier backen."]},{"key":"Kontakt:","value":["General Mills GmbH","Osterbekstr. 90c, D-22083 Hamburg"]}],"nutritions":[{"key":" ","value":"100 g"},{"key":"","value":"Unzubereitet"},{"key":"Energie","value":"1231 kJ | 293 kcal"},{"key":"Fett","value":"9,7 g"},{"key":"Fett, davon gesättigte Fettsäuren","value":"5,1 g"},{"key":"Kohlenhydrate","value":"42,9 g"},{"key":"Kohlenhydrate, davon Zucker","value":"7,8 g"},{"key":"Ballaststoffe","value":"1,7 g"},{"key":"Eiweiß","value":"7,6 g"},{"key":"Salz","value":"2,1 g"},{"key":" ","value":"Portion (38 g)"},{"key":"","value":"Zubereitet"},{"key":"Energie","value":"468 kJ | 111 kcal | 6 %"},{"key":"Fett","value":"3,7 g | 5 %"},{"key":"Fett, davon gesättigte Fettsäuren","value":"1,9 g | 10 %"},{"key":"Kohlenhydrate","value":"16,3 g | 6 %"},{"key":"Kohlenhydrate, davon Zucker","value":"3 g | 3 %"},{"key":"Ballaststoffe","value":"0,6 g"},{"key":"Eiweiß","value":"2,9 g | 6 %"},{"key":"Salz","value":"0,8 g | 13 %"}],"tags":[]},
    {"url":"https://www.interspar.at/shop/lebensmittel/p/4197997","data":[{"key":"price","value":"0,90 €"},{"key":"oldPrice","value":"\n\t\t\t\t\t\n\t\t\t\t\t \n\t\t\t\t"},{"key":"pricePerUnit","value":"(17.90 €/kg)"},{"key":"productDetailsName","value":"Cambozola - Torte - 1 KG"},{"key":"detailsDescription","value":"1 KG"},{"key":"articleNumber","value":"Artikelnummer: 4197997"},{"key":"Lagerhinweis:","value":["Gekühlt lagern bei +2° - +8°C."]},{"key":"Zutaten:","value":["Zutaten: pasteurisierte KUHMILCH, Salz, mikrobielles Lab, Milchsäuerungskulturen, Reifungskulturen. In Großbuchstaben angegebene Zutaten enthalten allergene Inhaltsstoffe."]},{"key":"Allergene:","value":["Enthält:Milch und daraus gewonnene Erzeugnisse (inkl. Laktose)"]},{"key":"Identitätskennzeichen:","value":["DE BY 77711 EG"]},{"key":"Ursprungsland/Herkunftsort:","value":["Deutschland"]},{"key":"Kontakt:","value":["Käserei Champignon Hofmeister GmbH","Straße 17-24, 87493 Lauben, Deutschland"]}],"nutritions":[{"key":"","value":"Unzubereitet"},{"key":" ","value":"100 g"},{"key":"Energie","value":"1351 kJ | 326 kcal"},{"key":"Fett","value":"28 g"},{"key":"Fett, davon gesättigte Fettsäuren","value":"18 g"},{"key":"Kohlenhydrate","value":"0,5 g"},{"key":"Kohlenhydrate, davon Zucker","value":"0,5 g"},{"key":"Ballaststoffe","value":"0 g"},{"key":"Eiweiß","value":"18 g"},{"key":"Salz","value":"1,7 g"}],"tags":["Gekühlt","Glutenfrei","Lactosefrei"]},
    {"url":"https://www.interspar.at/shop/lebensmittel/p/5569861","data":[{"key":"price","value":"1,95 €"},{"key":"oldPrice","value":"\n\t\t\t\t\t\n\t\t\t\t\t \n\t\t\t\t"},{"key":"pricePerUnit","value":"(13.00 €/kg)"},{"key":"productDetailsName","value":"Bergader - Bavaria blu Minitorte - 150 G"},{"key":"detailsDescription","value":"150 G"},{"key":"articleNumber","value":"Artikelnummer: 5569861"},{"key":"Lagerhinweis:","value":["Gekühlt bei +2°C bis +7°C lagern. Nach dem Öffnen innerhalb von 4 Tagen verbrauchen."]},{"key":"Allergene:","value":["Enthält:Milch und daraus gewonnene Erzeugnisse (inkl. Laktose)"]},{"key":"Verbrauchen nach dem Öffnen:","value":["4 Tage"]},{"key":"Kontakt:","value":["Bergader Privatkäserei GmbH","Weixlerstraße 16, 83329 Waging am See, Deutschland","info@bergader.de"]}],"nutritions":[{"key":"","value":"Unzubereitet"},{"key":" ","value":"100 g"},{"key":"Energie","value":"1845 kJ | 447 kcal"},{"key":"Fett","value":"43,3 g"},{"key":"Fett, davon gesättigte Fettsäuren","value":"29,9 g"},{"key":"Kohlenhydrate","value":"0,3 g"},{"key":"Kohlenhydrate, davon Zucker","value":"0,1 g"},{"key":"Eiweiß","value":"14 g"},{"key":"Salz","value":"1,5 g"},{"key":"Kalzium","value":"430 mg"}],"tags":["Glutenfrei"]},
    {"url":"https://www.interspar.at/shop/lebensmittel/p/5689422","data":[{"key":"price","value":"1,79 €"},{"key":"oldPrice","value":"\n\t\t\t\t\t\n\t\t\t\t\t \n\t\t\t\t"},{"key":"pricePerUnit","value":"(7.16 €/kg)"},{"key":"productDetailsName","value":"Knack&Back - Buttermilch-Brötchen 6 Stück - 250 G"},{"key":"detailsDescription","value":"250 G"},{"key":"articleNumber","value":"Artikelnummer: 5689422"},{"key":"Lagerhinweis:","value":["Bei +2°C bis +7°C. Immer im Kühlschrank lagern. Nicht einfrieren. Frischteig auf einmal verbrauchen."]},{"key":"Zutaten:","value":["Zutaten: WEIZENMEHL, BUTTERMILCH (14%) (Wasser, BUTTERMILCHPULVER), Wasser, Pflanzenmargarine (pflanzliche Fette und Öle (Palme, SOJA), Wasser, Emulgator: Mono- und Diglyceride von Speisefettsäuren, Polyglycerinester von Speisefettsäuren, Lecithine (SOJA); Speisesalz, Säureregulator: Milchsäure, Farbstoff: Beta-Carotin, Aroma), Dextrose, WEIZENGLUTEN, Backtriebmittel: Dinatriumdiphosphat, Natriumhydrogencarbonat; Zucker, Aroma, Stabilisator: Xanthan, Mehlbehandlungsmittel: Ascorbinsäure, Sonnenblumenöl. In Großbuchstaben angegebene Zutaten enthalten allergene Inhaltsstoffe."]},{"key":"Allergene:","value":["Kann Ei enthalten.","Kann Spuren enthalten von:Eier und daraus gewonnene Erzeugnisse","Enthält:Glutenhaltiges Getreide und daraus hergestellte Erzeugnisse, Milch und daraus gewonnene Erzeugnisse (inkl. Laktose), Sojabohnen und daraus gewonnene Erzeugnisse"]},{"key":"Zubereitung:","value":["Backen1. Dose öffnen & drehen. 2. Teigstücke trennen. 3. Im vorgeheizten Ofen bei 170°C (Umluft 150°C) 10-15 Min. auf Backpapier backen."]},{"key":"Kontakt:","value":["General Mills GmbH","Osterbekstr. 90c, D-22083 Hamburg"]}],"nutritions":[{"key":" ","value":"100 g"},{"key":"","value":"Unzubereitet"},{"key":"Energie","value":"1155 kJ | 274 kcal"},{"key":"Fett","value":"7 g"},{"key":"Fett, davon gesättigte Fettsäuren","value":"3,6 g"},{"key":"Kohlenhydrate","value":"43,3 g"},{"key":"Kohlenhydrate, davon Zucker","value":"9,3 g"},{"key":"Ballaststoffe","value":"1,7 g"},{"key":"Eiweiß","value":"8,6 g"},{"key":"Salz","value":"2,6 g"},{"key":" ","value":"Portion (42 g)"},{"key":"","value":"Zubereitet"},{"key":"Energie","value":"485 kJ | 115 kcal | 6 %"},{"key":"Fett","value":"2,9 g | 4 %"},{"key":"Fett, davon gesättigte Fettsäuren","value":"1,5 g | 8 %"},{"key":"Kohlenhydrate","value":"18,2 g | 7 %"},{"key":"Kohlenhydrate, davon Zucker","value":"3,9 g | 4 %"},{"key":"Ballaststoffe","value":"0,7 g"},{"key":"Eiweiß","value":"3,6 g | 7 %"},{"key":"Salz","value":"1,1 g | 18 %"}],"tags":[]},
    {"url":"https://www.interspar.at/shop/lebensmittel/p/7019654","data":[{"key":"price","value":"1,99 €"},{"key":"oldPrice","value":"\n\t\t\t\t\t\n\t\t\t\t\t \n\t\t\t\t"},{"key":"pricePerUnit","value":"(3.98 €/kg)"},{"key":"productDetailsName","value":"SPAR Feine Küche - Eierspätzle - 500 G"},{"key":"detailsDescription","value":"500 G"},{"key":"articleNumber","value":"Artikelnummer: 7019654"},{"key":"Lagerhinweis:","value":["Vor und nach dem Öffnen gekühlt bei max. 7°C lagern und nach dem Öffnen innerhalb 1 Tages verbrauchen."]},{"key":"Zutaten:","value":["Zutaten: Wasser, HARTWEIZENGRIESS, EIER* 5%, WEIZENMEHL, Speisesalz, Rapsöl, Gewürzextrakte. *aus Bodenhaltung. In Großbuchstaben angegebene Zutaten enthalten allergene Inhaltsstoffe."]},{"key":"Allergene:","value":["Kann Spuren enthalten von:Sojabohnen und daraus gewonnene Erzeugnisse","Enthält:Eier und daraus gewonnene Erzeugnisse, Glutenhaltiges Getreide und daraus hergestellte Erzeugnisse"]},{"key":"Zubereitung:","value":["Braten mit wenig FettSpätzle mit etwas Butter in einer Pfanne bei mittlerer Hitze goldbraun braten.","Sieden in kochender FlüssigkeitSpätzle in kochendes Wasser geben, Hitze reduzieren und ca. 2 Minuten ziehen lassen."]},{"key":"Identitätskennzeichen:","value":["CH 224"]},{"key":"Verbrauchen nach dem Öffnen:","value":["1 Tage"]},{"key":"Kontakt:","value":["SPAR Österr. Warenhandels-AG","Europastraße 3, 5015 Salzburg, Österreich"]}],"nutritions":[{"key":" ","value":"100 g"},{"key":"","value":"Unzubereitet"},{"key":"Energie","value":"633 kJ | 149 kcal"},{"key":"Fett","value":"1,2 g"},{"key":"Fett, davon gesättigte Fettsäuren","value":"0,2 g"},{"key":"Kohlenhydrate","value":"28 g"},{"key":"Kohlenhydrate, davon Zucker","value":"0,3 g"},{"key":"Ballaststoffe","value":"1,5 g"},{"key":"Eiweiß","value":"5,9 g"},{"key":"Salz","value":"1,3 g"},{"key":"Broteinheiten","value":"2,3 BE"},{"key":" ","value":"Portion (250 g)"},{"key":"","value":"Unzubereitet"},{"key":"Energie","value":"1586 kJ | 375 kcal | 19 %"},{"key":"Fett","value":"3 g | 4 %"},{"key":"Fett, davon gesättigte Fettsäuren","value":"0,5 g | 3 %"},{"key":"Kohlenhydrate","value":"70 g"},{"key":"Kohlenhydrate, davon Zucker","value":"0,8 g | 1 %"},{"key":"Ballaststoffe","value":"3,8 g"},{"key":"Eiweiß","value":"15 g"},{"key":"Salz","value":"3,3 g | 55 %"},{"key":"Broteinheiten","value":"5,8 BE"}],"tags":["Lactosefrei"]},
    {"url":"https://www.interspar.at/shop/lebensmittel/p/7128868","data":[{"key":"price","value":"1,08 €"},{"key":"oldPrice","value":"\n\t\t\t\t\t\n\t\t\t\t\t \n\t\t\t\t"},{"key":"pricePerUnit","value":"(21.50 €/kg)"},{"key":"productDetailsName","value":"Bresse Bleu - Blauschimmelkäse - 1 KG"},{"key":"detailsDescription","value":"1 KG"},{"key":"articleNumber","value":"Artikelnummer: 7128868"},{"key":"Lagerhinweis:","value":["Gekühlt bei 4-6°C lagern."]},{"key":"Zutaten:","value":["Zutaten: pasteurisierte KUHMILCH, pasteurisierter RAHM, Speisesalz, Käsereikulturen, mikrobielles Lab. In Großbuchstaben angegebene Zutaten enthalten allergene Inhaltsstoffe."]},{"key":"Allergene:","value":["Enthält:Milch und daraus gewonnene Erzeugnisse (inkl. Laktose)"]},{"key":"Identitätskennzeichen:","value":["FR 01.405.002 CE"]},{"key":"Zusatztext:","value":["Herkunft: Frankreich, BurgundReifezeit: ca. 3 WochenWeinempfehlung: Ein frischer, leicht prickelnder Gaillac, ein Jurancon oder ein alter Portwein"]},{"key":"Kontakt:","value":["Savencia Fromage & Dairy Öst. Gesmb","Davidgasse 87-89 / 2 / DG, 1104 Wien, Österreich"]}],"nutritions":[{"key":"","value":"Unzubereitet"},{"key":" ","value":"100 g"},{"key":"Energie","value":"1792 kJ | 434 kcal"},{"key":"Fett","value":"42 g"},{"key":"Fett, davon gesättigte Fettsäuren","value":"29 g"},{"key":"Kohlenhydrate","value":"1 g"},{"key":"Kohlenhydrate, davon Zucker","value":"0 g"},{"key":"Ballaststoffe","value":"0 g"},{"key":"Eiweiß","value":"13 g"},{"key":"Salz","value":"1,1 g"}],"tags":["Gekühlt","Glutenfrei"]},
    {"url":"https://www.interspar.at/shop/lebensmittel/p/7362507","data":[{"key":"price","value":"2,89 €"},{"key":"oldPrice","value":"\n\t\t\t\t\t\n\t\t\t\t\t \n\t\t\t\t"},{"key":"pricePerUnit","value":"(11.56 €/kg)"},{"key":"productDetailsName","value":"Gusteria - Natur - 250 G"},{"key":"detailsDescription","value":"250 G"},{"key":"articleNumber","value":"Artikelnummer: 7362507"},{"key":"Lagerhinweis:","value":["gekühlt bei +4 bis +8°C"]},{"key":"Zutaten:","value":["Zutaten: pasteurisierte KUHMILCH, Speisesalz, mikrobielles Lab. In Großbuchstaben angegebene Zutaten enthalten allergene Inhaltsstoffe."]},{"key":"Allergene:","value":["Enthält:Milch und daraus gewonnene Erzeugnisse (inkl. Laktose)"]},{"key":"Zubereitung:","value":["FrittierenKäsescheiben 3 bis 4 Minuten bei 165°C frittieren","Grillen mit direkter HitzeKäsescheiben am Grill beidseitig jeweils 2 bis 3 Minuten grillen","Zubereitung in der MikrowelleKäsescheiben bei 800 Watt 30 Sekunden erwärmen","Braten mit wenig FettKäsescheiben beidseitig jeweils 2 bis 3 Minuten anbraten"]},{"key":"Identitätskennzeichen:","value":["AT 31085 EG"]},{"key":"Verbrauchen nach dem Öffnen:","value":["2 Tage"]},{"key":"Verwendungshinweis:","value":["innerhalb von 2 Tagen aufbrauchen."]},{"key":"Kontakt:","value":["Concept Fresh VertriebsgesmbH","Hobelweg 20, A-4055 Pucking","www.gusteria.com","www.kremstaler-grillschule.at"]}],"nutritions":[{"key":"","value":"Unzubereitet"},{"key":" ","value":"100 g"},{"key":"Energie","value":"1003 kJ | 241 kcal"},{"key":"Fett","value":"18,6 g"},{"key":"Fett, davon gesättigte Fettsäuren","value":"13,4 g"},{"key":"Kohlenhydrate","value":"2 g"},{"key":"Kohlenhydrate, davon Zucker","value":"2 g"},{"key":"Eiweiß","value":"16,5 g"},{"key":"Salz","value":"2 g"}],"tags":["Gekühlt","Glutenfrei"]},
    {"url":"https://www.interspar.at/shop/lebensmittel/p/7530005","data":[{"key":"price","value":"2,49 €"},{"key":"oldPrice","value":"\n\t\t\t\t\t\n\t\t\t\t\t \n\t\t\t\t"},{"key":"pricePerUnit","value":"(7.32 €/kg)"},{"key":"productDetailsName","value":"Knack&Back - Knoblauch-Ecken - 340 G"},{"key":"detailsDescription","value":"340 G"},{"key":"articleNumber","value":"Artikelnummer: 7530005"},{"key":"Lagerhinweis:","value":["Bei +2°C bis +7°C. Immer im Kühlschrank lagern. Nicht einfrieren. Frischteig auf einmal verbrauchen."]},{"key":"Zutaten:","value":["Zutaten: Teig (88%): WEIZENMEHL, Wasser, pflanzliche Margarine (pflanzliche Fette und Öle (Palme, SOJA), Wasser, Emulgator: Mono- und Diglyceride von Speisefettsäuren, Polyglycerinester von Speisefettsäuren, SOJALECITHINE; Speisesalz, Säureregulator: Milchsäure, Farbstoff: Beta-Carotin, Aroma), WEIZENGLUTEN, Dextrose, Backtriebmittel: Glucono-delta-lacton, Natriumhydrogencarbonat; Zucker, Speisesalz, Alkohol, getrockneter ROGGENSAUERTEIG, Stabilisator: Xanthan, Mehlbehandlungsmittel: Ascorbinsäure, Sonnenblumenöl; Aufstrich (12%): pflanzliche Öle (Palme, Raps, Kokosnuss), Knoblauch (13%), Wasser, Speisesalz, Kräuter, Emulgator: Mono- und Diglyceride von Speisefettsäuren, Aroma (Enthält MILCH, kann WEIZEN enthalten), Farbstoff: Beta-Carotin. In Großbuchstaben angegebene Zutaten enthalten allergene Inhaltsstoff."]},{"key":"Allergene:","value":["Kann Ei enthalten.","Kann Spuren enthalten von:Eier und daraus gewonnene Erzeugnisse","Enthält:Glutenhaltiges Getreide und daraus hergestellte Erzeugnisse, Milch und daraus gewonnene Erzeugnisse (inkl. Laktose), Sojabohnen und daraus gewonnene Erzeugnisse"]},{"key":"Zubereitung:","value":["Backen1. Dose öffnen und drehen. 2. Teig entrollen & in Dreiecke trennen. 3. Mit Knoblauchaufstrich gleichmäßig bestreichen. 4. Im vorgeheizten Ofen bei 200°C (Umluft 180 °C) 12-16 Min. auf Backpapier backen."]},{"key":"Kontakt:","value":["General Mills GmbH","Osterbekstr. 90c, D-22083 Hamburg"]}],"nutritions":[{"key":"","value":"Unzubereitet"},{"key":" ","value":"100 g"},{"key":"Energie","value":"1240 kJ | 295 kcal"},{"key":"Fett","value":"11,1 g"},{"key":"Fett, davon gesättigte Fettsäuren","value":"4,3 g"},{"key":"Kohlenhydrate","value":"39,7 g"},{"key":"Kohlenhydrate, davon Zucker","value":"4,4 g"},{"key":"Ballaststoffe","value":"1,7 g"},{"key":"Eiweiß","value":"8,3 g"},{"key":"Salz","value":"1,5 g"},{"key":"","value":"Unzubereitet"},{"key":" ","value":"Portion (43 g)"},{"key":"Energie","value":"533 kJ | 127 kcal | 6 %"},{"key":"Fett","value":"4,8 g | 7 %"},{"key":"Fett, davon gesättigte Fettsäuren","value":"1,8 g | 9 %"},{"key":"Kohlenhydrate","value":"17,1 g | 7 %"},{"key":"Kohlenhydrate, davon Zucker","value":"1,9 g | 2 %"},{"key":"Ballaststoffe","value":"0,7 g"},{"key":"Eiweiß","value":"3,6 g | 7 %"},{"key":"Salz","value":"0,7 g | 11 %"}],"tags":[]},
    {"url":"https://www.interspar.at/shop/lebensmittel/p/89364","data":[{"key":"price","value":"1,39 €"},{"key":"oldPrice","value":"\n\t\t\t\t\t\n\t\t\t\t\t \n\t\t\t\t"},{"key":"pricePerUnit","value":"(6.95 €/kg)"},{"key":"productDetailsName","value":"Efko - Wurst Salat - 200 G"},{"key":"detailsDescription","value":"200 G"},{"key":"articleNumber","value":"Artikelnummer: 89364"},{"key":"Lagerhinweis:","value":["Gekühlt lagern (3 - 9°C). Nach dem Öffnen noch 3 Tage haltbar."]},{"key":"Zutaten:","value":["Zutaten: 40% Mayonnaise 50% Fett (Rapsöl, Wasser, Zucker, EIGELB, Senf [Wasser, SENFSAAT, Weingeistessig, Zucker, Speisesalz, Gewürze, Aroma], Weingeistessig, Konservierungsstoff: Natriumbenzoat, Kaliumsorbat, Speisesalz, modifizierte Maisstärke, Verdickungsmittel: Xanthan), 30% Extrawurst (Schweine- und Rindfleisch, Speck, Wasser, Kartoffelstärke, Nitritpökelsalz [Speisesalz, Konservierungsstoff: Natriumnitrit], Stabilisator: Triphosphat, Geschmacksverstärker: Mononatriumglutamat, Traubenzucker, Antioxidationsmittel: Isoascorbinsäure, Gewürze, Oligofructose, Gewürzextrakte, Aroma, Farbstoff: echtes Karmin), 30% Gurken. In Großbuchstaben angegebene Zutaten enthalten allergene Inhaltsstoffe."]},{"key":"Allergene:","value":["Enthält:Eier und daraus gewonnene Erzeugnisse, Senf und daraus gewonnene Erzeugnisse"]},{"key":"Verbrauchen nach dem Öffnen:","value":["3 Tage"]},{"key":"Kontakt:","value":["Efko Frischfrucht & Delikatessen GmbH","Hinzenbach 38, 4070 Eferding, Österreich"]}],"nutritions":[{"key":"","value":"Unzubereitet"},{"key":" ","value":"100 g"},{"key":"Energie","value":"1127 kJ | 273 kcal"},{"key":"Fett","value":"26 g"},{"key":"Fett, davon gesättigte Fettsäuren","value":"1,6 g"},{"key":"Kohlenhydrate","value":"4,9 g"},{"key":"Kohlenhydrate, davon Zucker","value":"3,6 g"},{"key":"Eiweiß","value":"4,1 g"},{"key":"Salz","value":"0,68 g"}],"tags":["Glutenfrei","Lactosefrei","immer Billig"]},
    {"url":"https://www.interspar.at/shop/lebensmittel/p/1048810","data":[{"key":"price","value":"1,99 €"},{"key":"oldPrice","value":"\n\t\t\t\t\t\n\t\t\t\t\t \n\t\t\t\t"},{"key":"pricePerUnit","value":"(5.31 €/kg)"},{"key":"productDetailsName","value":"Feinkost Spak - Wurst Salat Scharf - 375 G"},{"key":"detailsDescription","value":"375 G"},{"key":"articleNumber","value":"Artikelnummer: 1048810"},{"key":"Lagerhinweis:","value":["Gekühlt lagern bei +2°C bis +6°C. Nach dem Öffnen innerhalb von 5 Tagen verbrauchen."]},{"key":"Zutaten:","value":["Zutaten: Gemüsezubereitung [Gurke, Mais, Paprika, Bohnen, Weingeistessig, Gewürze, Säuerungsmittel: Milchsäure; Konservierungsstoff: Natriumbenzoat; Süßungsmittel: Saccharin], Trinkwasser, Rapsöl, 17% Extrawurst [Schweine- und Rindfleisch, Trinkwasser, Speck, Nitritpökelsalz (Speisesalz, Konservierungsstoff: Natriumnitrit), Kartoffelstärke, Gewürzextrakte, Stabilisator: Diphosphate; Gewürze, Dextrose, Zucker, Antioxidationsmittel: Ascorbinsäure], Zucker, Speisesalz, SENFKORN, Gewürze, natürliches Chilli Aroma, Farbstoff: Paprikaextrakt, Tomatenmark, modifizierte Stärke, Verdickungsmittel: Xanthan, Guarkernmehl; Konservierungsstoff: Kaliumsorbat. In Großbuchstaben angegebene Zutaten enthalten allergene Inhaltsstoffe."]},{"key":"Allergene:","value":["Enthält:Senf und daraus gewonnene Erzeugnisse"]},{"key":"Zusatztext:","value":["Hergestellt mit Eiern aus Freilandhaltung, Mayonnaise aus Rapsöl"]},{"key":"Verbrauchen nach dem Öffnen:","value":["5 Tage"]},{"key":"Kontakt:","value":["SP Feinkost Vertriebs GmbH","Laxenburgerstraße 365, 1230 Wien, Österreich"]}],"nutritions":[{"key":"","value":"Unzubereitet"},{"key":" ","value":"100 g"},{"key":"Energie","value":"988 kJ | 239 kcal"},{"key":"Fett","value":"22 g"},{"key":"Fett, davon gesättigte Fettsäuren","value":"2,9 g"},{"key":"Kohlenhydrate","value":"6,9 g"},{"key":"Kohlenhydrate, davon Zucker","value":"3,9 g"},{"key":"Eiweiß","value":"2,8 g"},{"key":"Salz","value":"1,1 g"}],"tags":["Gekühlt","Glutenfrei","Lactosefrei"]},
    {"url":"https://www.interspar.at/shop/lebensmittel/p/1796094","data":[{"key":"price","value":"1,89 €"},{"key":"oldPrice","value":"\n\t\t\t\t\t\n\t\t\t\t\t \n\t\t\t\t"},{"key":"pricePerUnit","value":"(5.91 €/kg)"},{"key":"productDetailsName","value":"Efko - Farmer Salat leicht & gut - 320 G"},{"key":"detailsDescription","value":"320 G"},{"key":"articleNumber","value":"Artikelnummer: 1796094"},{"key":"Lagerhinweis:","value":["Gekühlt lagern (3-9°C). Nach dem Öffnen noch 3 Tage haltbar."]},{"key":"Zutaten:","value":["Zutaten: 42% Gemüse in veränderlichen Gewichtsanteilen (Karotten, SELLERIE, Porree), 39% Leichtmayonnaise 25% Fett (Wasser, Rapsöl, JOGHURTPULVER, EIGELB, Senf (Wasser, SENFSAAT, Weingeistessig, Zucker, Salz, Gewürze, Aroma), Salz, Verdickungsmittel: Xanthan, Säuerungsmittel: Citronensäre, Konservierungsstoff: Natriumbenzoat, Kaliumsorbat, Süßungsmittel: Saccharin), 11% QimiQ Rahmzubereitung (Rahm 15% Fett, Gelatine), Apfelstücke. In Großbuchstaben angegebene Zutaten enthalten allergene Inhaltsstoffe."]},{"key":"Allergene:","value":["Enthält:Eier und daraus gewonnene Erzeugnisse, Milch und daraus gewonnene Erzeugnisse (inkl. Laktose), Sellerie und daraus gewonnene Erzeugnisse, Senf und daraus gewonnene Erzeugnisse"]},{"key":"","value":["50% weniger Fett"]},{"key":"Verbrauchen nach dem Öffnen:","value":["3 Tage"]},{"key":"Kontakt:","value":["efko","4070 Eferding, Österreich"]}],"nutritions":[{"key":"","value":"Unzubereitet"},{"key":" ","value":"100 g"},{"key":"Energie","value":"488 kJ | 118 kcal"},{"key":"Fett","value":"9,9 g"},{"key":"Fett, davon gesättigte Fettsäuren","value":"1,7 g"},{"key":"Kohlenhydrate","value":"3,6 g"},{"key":"Kohlenhydrate, davon Zucker","value":"2,1 g"},{"key":"Eiweiß","value":"2,3 g"},{"key":"Salz","value":"1 g"}],"tags":["Gekühlt","Glutenfrei","Lactosefrei"]},
    {"url":"https://www.interspar.at/shop/lebensmittel/p/2020001737659","data":[{"key":"price","value":"2,49 €"},{"key":"oldPrice","value":"\n\t\t\t\t\t\n\t\t\t\t\t \n\t\t\t\t"},{"key":"pricePerUnit","value":"(16.60 €/kg)"},{"key":"productDetailsName","value":"Kolios - Grillfeta Kräuter - 150 G"},{"key":"detailsDescription","value":"150 G"},{"key":"articleNumber","value":"Artikelnummer: 2020001737659"},{"key":"Lagerhinweis:","value":["Bei +2°C - +6°C (max 7°C)"]},{"key":"Zutaten:","value":["Zutaten: Feta geschützte Ursprungsbezeichnung (g.U.) Käse 93% (Pasteurisierte SCHAF- und ZIEGENMILCH, Salz, Kultur, mikrobielles Lab. Fett i.Tr. min 45%), Gewürzmischung (Trinkwasser, 2,1% Kräuter (Basilikum, Oregano, Rosmarin, Tymian), Essig, Knoblauch, Zwiebel, Salz, Konservierungsstoff: Kaliumsorbat, Verdickungsmittel: Xanthan gum). In Großbuchstaben angegebene Zutaten enthalten allergene Inhaltsstoffe."]},{"key":"Allergene:","value":["Enthält:Milch und daraus gewonnene Erzeugnisse (inkl. Laktose)"]},{"key":"Zubereitung:","value":["Grillen/Braten mit OberhitzeUmverpackung entfernen, Folie entfernen und Feta mit Zutaten nach oben in die Aluschale legen. Auf dem Grill oder im Ofen für ca. 10 min zubereiten."]},{"key":"Kontakt:","value":["KOLIOS S.A.","Limnotopos Kilkis Greece/Griechenland"]}],"nutritions":[{"key":"","value":"Unzubereitet"},{"key":" ","value":"100 g"},{"key":"Energie","value":"1072 kJ | 258 kcal"},{"key":"Fett","value":"21,5 g"},{"key":"Fett, davon gesättigte Fettsäuren","value":"14,9 g"},{"key":"Kohlenhydrate","value":"1,2 g"},{"key":"Kohlenhydrate, davon Zucker","value":"0,5 g"},{"key":"Eiweiß","value":"15 g"},{"key":"Salz","value":"2,46 g"},{"key":"","value":"Unzubereitet"},{"key":" ","value":"Portion (30 g)"},{"key":"Energie","value":"321 kJ | 77 kcal | 4 %"},{"key":"Fett","value":"6,4 g | 9 %"},{"key":"Fett, davon gesättigte Fettsäuren","value":"4,5 g | 23 %"},{"key":"Kohlenhydrate","value":"0,4 g | 1 %"},{"key":"Kohlenhydrate, davon Zucker","value":"0,15 g | 1 %"},{"key":"Eiweiß","value":"4,5 g | 9 %"},{"key":"Salz","value":"0,74 g | 12 %"}],"tags":["Gekühlt"]},
    {"url":"https://www.interspar.at/shop/lebensmittel/p/7855030","data":[{"key":"price","value":"2,89 €"},{"key":"oldPrice","value":"\n\t\t\t\t\t\n\t\t\t\t\t \n\t\t\t\t"},{"key":"pricePerUnit","value":"(11.56 €/kg)"},{"key":"productDetailsName","value":"Gusteria - Grill- und Bratkäse Kräuter - 250 G"},{"key":"detailsDescription","value":"250 G"},{"key":"articleNumber","value":"Artikelnummer: 7855030"},{"key":"Lagerhinweis:","value":["gekühlt bei +4 bis +8°C"]},{"key":"Zutaten:","value":["Zutaten: pasteurisierte KUHMILCH, Speisesalz, mikrobielles Lab, Kräuter. In Großbuchstaben angegebene Zutaten enthalten allergene Inhaltsstoffe."]},{"key":"Allergene:","value":["Enthält:Milch und daraus gewonnene Erzeugnisse (inkl. Laktose)"]},{"key":"Zubereitung:","value":["Braten in FettKäsescheiben beidseitig jeweils 2 bis 3 Minuten anbraten","Zubereitung in der MikrowelleKäsescheiben bei 800 Watt 30 Sekunden erwärmen","FrittierenKäsescheiben 3 bis 4 Minuten bei 165°C frittieren","Grillen mit direkter HitzeKäsescheiben am Grill beidseitig jeweils 2 bis 3 Minuten grillen"]},{"key":"Identitätskennzeichen:","value":["AT 31085 EG"]},{"key":"Verbrauchen nach dem Öffnen:","value":["2 Tage"]},{"key":"Verwendungshinweis:","value":["innerhalb von 2 Tagen aufbrauchen."]},{"key":"Kontakt:","value":["Concept Fresh Vertriebsgesellschaft mbH","Hobelweg 20, A-4055 Pucking","www.kremstaler-grillschule.at","www.gusteria.com"]}],"nutritions":[{"key":"","value":"Unzubereitet"},{"key":" ","value":"100 g"},{"key":"Energie","value":"1003 kJ | 241 kcal"},{"key":"Fett","value":"18,6 g"},{"key":"Fett, davon gesättigte Fettsäuren","value":"13,4 g"},{"key":"Kohlenhydrate","value":"2 g"},{"key":"Kohlenhydrate, davon Zucker","value":"2 g"},{"key":"Eiweiß","value":"16,5 g"},{"key":"Salz","value":"2 g"}],"tags":["Gekühlt","Glutenfrei"]},
    {"url":"https://www.interspar.at/shop/lebensmittel/p/1332032","data":[{"key":"price","value":"2,80 €"},{"key":"oldPrice","value":"\n\t\t\t\t\t\n\t\t\t\t\t \n\t\t\t\t"},{"key":"pricePerUnit","value":"(3.50 €/kg)"},{"key":"productDetailsName","value":"S-BUDGET - Tortelloni mit Ricotta und Spinat - 800 G"},{"key":"detailsDescription","value":"800 G"},{"key":"articleNumber","value":"Artikelnummer: 1332032"},{"key":"Lagerhinweis:","value":["Gekühlt lagern bei +3°C bis +7°C. Nach dem Öffnen sofort verbrauchen."]},{"key":"Zutaten:","value":["Zutaten: Teig 76% (HARTWEIZENGRIESS, Wasser, EIER, Speisesalz unjodiert), Füllung 24% (Spinat (8%), RICOTTA (7%), WEIZENMEHL, KÄSE, Kartoffelflocken (Kartoffeln, Curcuma), Speisesalz unjodiert, Wasser, Rapsöl, Gewürze, Aroma (enthält MILCHERZEUGNIS)). In Großbuchstaben angegebene Zutaten enthalten allergene Inhaltsstoffe."]},{"key":"Allergene:","value":["Kann Spuren enthalten von:Sojabohnen und daraus gewonnene Erzeugnisse","Enthält:Eier und daraus gewonnene Erzeugnisse, Glutenhaltiges Getreide und daraus hergestellte Erzeugnisse, Milch und daraus gewonnene Erzeugnisse (inkl. Laktose)"]},{"key":"","value":["ohne Geschmacksverstärker"]},{"key":"Zubereitung:","value":["Sieden in kochender FlüssigkeitTortelloni in kochendes Salzwasser geben, Hitze reduzieren und 2 Minuten ziehen lassen."]},{"key":"Ursprungsland/Herkunftsort:","value":["Sorgfältig hergestellt in Liechtenstein"]},{"key":"Kontakt:","value":["SPAR Österr. Warenhandels-AG","Europastraße 3, 5015 Salzburg, Österreich"]}],"nutritions":[{"key":"","value":"Unzubereitet"},{"key":" ","value":"100 g"},{"key":"Energie","value":"753 kJ | 178 kcal"},{"key":"Fett","value":"1,8 g"},{"key":"Fett, davon gesättigte Fettsäuren","value":"0,6 g"},{"key":"Kohlenhydrate","value":"32 g"},{"key":"Kohlenhydrate, davon Zucker","value":"2 g"},{"key":"Ballaststoffe","value":"1,9 g"},{"key":"Eiweiß","value":"7,5 g"},{"key":"Salz","value":"1,4 g"},{"key":"Broteinheiten","value":"2,6 BE"}],"tags":["Lactosefrei","immer Billig"]},
    {"url":"https://www.interspar.at/shop/lebensmittel/p/1991352","data":[{"key":"price","value":"2,58 €"},{"key":"oldPrice","value":"\n\t\t\t\t\t\n\t\t\t\t\t \n\t\t\t\t"},{"key":"pricePerUnit","value":"(2.58 €/kg)"},{"key":"productDetailsName","value":"S-BUDGET - Eierspätzle - 1 KG"},{"key":"detailsDescription","value":"1 KG"},{"key":"articleNumber","value":"Artikelnummer: 1991352"},{"key":"Lagerhinweis:","value":["Vor und nach dem Öffnen gekühlt lagern bei +3°C bis +7°C. Nach dem Öffnen innerhalb weniger Tage verbrauchen."]},{"key":"Zutaten:","value":["Zutaten: Wasser, HARTWEIZENGRIESS, EIER, 5% WEIZENMEHL, Kochsalz unjodiert, Rapsöl, Gewürzextrakte. In Großbuchstaben angegebene Zutaten enthalten allergene Inhaltstoffe."]},{"key":"Allergene:","value":["Kann Spuren enthalten von:Sojabohnen und daraus gewonnene Erzeugnisse","Enthält:Eier und daraus gewonnene Erzeugnisse, Glutenhaltiges Getreide und daraus hergestellte Erzeugnisse"]},{"key":"Zubereitung:","value":["Braten mit wenig FettEierspätzle in einer vorgeheizten Pfanne mit etwas Butter unter gelegentlichem Wenden ca. 8 Minuten goldbraun braten.","Simmern/KöchelnEierspätzle in siedendes Salzwasser geben, Hitze reduzieren und 2 Minuten ziehen lassen."]},{"key":"Ursprungsland/Herkunftsort:","value":["Sorgfältig hergestellt im Fürstentum Liechtenstein"]},{"key":"Kontakt:","value":["SPAR Österr. Warenhandels-AG","Europastraße 3, 5015 Salzburg, Österreich"]}],"nutritions":[{"key":"","value":"Unzubereitet"},{"key":" ","value":"100 g"},{"key":"Energie","value":"662 kJ | 157 kcal"},{"key":"Fett","value":"2 g"},{"key":"Fett, davon gesättigte Fettsäuren","value":"0,4 g"},{"key":"Kohlenhydrate","value":"28 g"},{"key":"Kohlenhydrate, davon Zucker","value":"1,5 g"},{"key":"Ballaststoffe","value":"1,3 g"},{"key":"Eiweiß","value":"6 g"},{"key":"Salz","value":"1,3 g"},{"key":"Broteinheiten","value":"2,3 BE"},{"key":"","value":"Unzubereitet"},{"key":" ","value":"Portion (250 g)"},{"key":"Energie","value":"1656 kJ | 392 kcal"},{"key":"Fett","value":"5 g"},{"key":"Fett, davon gesättigte Fettsäuren","value":"1 g"},{"key":"Kohlenhydrate","value":"70 g"},{"key":"Kohlenhydrate, davon Zucker","value":"3,8 g"},{"key":"Ballaststoffe","value":"3,3 g"},{"key":"Eiweiß","value":"15 g"},{"key":"Salz","value":"3,2 g"},{"key":"Broteinheiten","value":"5,8 BE"}],"tags":["Lactosefrei","immer Billig"]},
    {"url":"https://www.interspar.at/shop/lebensmittel/p/5075850","data":[{"key":"price","value":"2,99 €"},{"key":"oldPrice","value":"\n\t\t\t\t\t\n\t\t\t\t\t \n\t\t\t\t"},{"key":"pricePerUnit","value":"(3.99 €/kg)"},{"key":"productDetailsName","value":"S-BUDGET - Brat Gnocchi mit Lauch und Käse verfeinert - 750 G"},{"key":"detailsDescription","value":"750 G"},{"key":"articleNumber","value":"Artikelnummer: 5075850"},{"key":"Lagerhinweis:","value":["Vor und nach dem Öffnen gekühlt lagern bei +3°C bis +7°C. Nach dem Öffnen innerhalb von 1 Tag verbrauchen."]},{"key":"Zutaten:","value":["Zutaten: Wasser, Kartoffelflocken (Kartoffeln, Antioxidationsmittel: KALIUMMETABISULFIT, Kurkuma), Kartoffelstärke, HARTWEIZENGRIESS, Lauch 5%, KÄSE 2%, Speisesalz unjodiert, EIER, Rapsöl. In Großbuchstaben angegebene Zutaten enthalten allergene Inhaltsstoffe."]},{"key":"Allergene:","value":["Kann Spuren enthalten von:Sojabohnen und daraus gewonnene Erzeugnisse","Enthält:Eier und daraus gewonnene Erzeugnisse, Glutenhaltiges Getreide und daraus hergestellte Erzeugnisse, Milch und daraus gewonnene Erzeugnisse (inkl. Laktose), Schwefeldioxid und Sulphite"]},{"key":"Zubereitung:","value":["Braten mit wenig FettBrat-Gnocchi mit wenig Butter oder Pflanzenöl in einer beschichteten Bratpfanne ca. 6-8 Minuten goldbraun braten."]},{"key":"Ursprungsland/Herkunftsort:","value":["Sorgfältig hergestellt im Fürstentum Liechtenstein"]},{"key":"Verbrauchen nach dem Öffnen:","value":["1 Tage"]},{"key":"Kontakt:","value":["SPAR Österr. Warenhandels-AG","Europastraße 3, 5015 Salzburg, Österreich"]}],"nutritions":[{"key":"","value":"Unzubereitet"},{"key":" ","value":"100 g"},{"key":"Energie","value":"552 kJ | 131 kcal"},{"key":"Fett","value":"1,6 g"},{"key":"Fett, davon gesättigte Fettsäuren","value":"0,5 g"},{"key":"Kohlenhydrate","value":"25 g"},{"key":"Kohlenhydrate, davon Zucker","value":"2,6 g"},{"key":"Ballaststoffe","value":"1,7 g"},{"key":"Eiweiß","value":"3,2 g"},{"key":"Salz","value":"1,1 g"},{"key":"Broteinheiten","value":"2,08 BE"}],"tags":["immer Billig"]},
    {"url":"https://www.interspar.at/shop/lebensmittel/p/7842306","data":[{"key":"price","value":"2,99 €"},{"key":"oldPrice","value":"\n\t\t\t\t\t\n\t\t\t\t\t \n\t\t\t\t"},{"key":"pricePerUnit","value":"(2.99 €/kg)"},{"key":"productDetailsName","value":"S-BUDGET - Lasagne Bolognese - 1 KG"},{"key":"detailsDescription","value":"1 KG"},{"key":"articleNumber","value":"Artikelnummer: 7842306"}],"nutritions":[],"tags":["immer Billig"]},
    {"url":"https://www.interspar.at/shop/lebensmittel/p/2020001691081","data":[{"key":"price","value":"2,49 €"},{"key":"oldPrice","value":"\n\t\t\t\t\t\n\t\t\t\t\t \n\t\t\t\t"},{"key":"pricePerUnit","value":"(9.96 €/kg)"},{"key":"productDetailsName","value":"SPAR - BBQ Grill & Brat Käse Natur 4 Stück - einzeln verpackt - 250 G"},{"key":"detailsDescription","value":"250 G"},{"key":"articleNumber","value":"Artikelnummer: 2020001691081"},{"key":"Lagerhinweis:","value":["Vor und nach dem Öffnen gekühlt lagern. Nach dem Öffnen innerhalb von 2 Tagen aufbrauchen."]},{"key":"Zutaten:","value":["Zutaten: pasteurisierte KUHMILCH, Speisesalz unjodiert, mikrobielles Lab, Käsereikulturen. In Großbuchstaben angegebene Zutaten enthalten allergene Inhaltsstoffe."]},{"key":"Allergene:","value":["Enthält:Milch und daraus gewonnene Erzeugnisse (inkl. Laktose)"]},{"key":"","value":["einfach OHNE:ohne Aromastoffzusatzohne Konservierungsstoffeohne Farbstoffzusatz**lt. Verordnung"]},{"key":"Zubereitung:","value":["Zubereitung in der MikrowelleKäsescheiben auf einem Teller bei 800 Watt 30 Sekunden erwärmen.","Grillen mit direkter HitzeKäsescheiben am Grill beidseitig jeweils 2 – 3 Minuten grillen.","Grillen/Braten mit OberhitzeBackrohr vorheizen und die Käsescheiben bei 200°C Ober- und Unterhitze bzw. 180°C Heißluft 5 – 7 Minuten bis zur gewünschten Bräunung backen.","Grillen/Braten mit OberhitzeKäsescheiben beidseitig jeweils 2 – 3 Minuten in der Pfanne anbraten."]},{"key":"Identitätskennzeichen:","value":["AT 31085 EG"]},{"key":"Ursprungsland/Herkunftsort:","value":["Qualität aus Österreich"]},{"key":"Verbrauchen nach dem Öffnen:","value":["2 Tage"]},{"key":"Kontakt:","value":["SPAR Österr. Warenhandels-AG","Europastraße 3, 5015 Salzburg, Österreich","office@spar.at"]}],"nutritions":[{"key":" ","value":"100 g"},{"key":"","value":"Unzubereitet"},{"key":"Energie","value":"1003 kJ | 241 kcal"},{"key":"Fett","value":"19 g"},{"key":"Fett, davon gesättigte Fettsäuren","value":"13 g"},{"key":"Kohlenhydrate","value":"2 g"},{"key":"Kohlenhydrate, davon Zucker","value":"2 g"},{"key":"Ballaststoffe","value":"0 g"},{"key":"Eiweiß","value":"17 g"},{"key":"Salz","value":"2 g"},{"key":"Broteinheiten","value":"0,2 BE"}],"tags":["Gekühlt"]},
    {"url":"https://www.interspar.at/shop/lebensmittel/p/1112245","data":[{"key":"price","value":"1,99 €"},{"key":"oldPrice","value":"\n\t\t\t\t\t\n\t\t\t\t\t \n\t\t\t\t"},{"key":"pricePerUnit","value":"(9.95 €/kg)"},{"key":"productDetailsName","value":"SPAR Veggie - Bio-Tofu Chili - 200 G"},{"key":"detailsDescription","value":"200 G"},{"key":"articleNumber","value":"Artikelnummer: 1112245"},{"key":"Lagerhinweis:","value":["Gekühlt lagern! Nach dem Öffnen rasch genießen!"]},{"key":"Zutaten:","value":["Zutaten: Wasser, 16% SOJABOHNEN*, 6% Gewürzzubereitung (Chili*, Paprika*, Verdickungsmittel: Guarkernmehl, Johannisbrotkernmehl), Meersalz, Gerinnungsmittel: Calciumsulfat. *aus biologischer Landwirtschaft. In Großbuchstaben angegebene Zutaten enthalten allergene Inhaltsstoffe."]},{"key":"Allergene:","value":["Enthält:Sojabohnen und daraus gewonnene Erzeugnisse"]},{"key":"Bio-Kontrollstelle:","value":["AT-BIO-301"]},{"key":"Ökoherkunft:","value":["EU-/Nicht-EU-Landwirtschaft"]},{"key":"Ursprungsland/Herkunftsort:","value":["Sorgfältig hergestellt in Österreich"]},{"key":"Kontakt:","value":["SPAR Österr. Warenhandels-AG","Europastraße 3, 5015 Salzburg, Österreich"]}],"nutritions":[{"key":"","value":"Unzubereitet"},{"key":" ","value":"100 g"},{"key":"Energie","value":"471 kJ | 113 kcal"},{"key":"Fett","value":"6,3 g"},{"key":"Fett, davon gesättigte Fettsäuren","value":"1,2 g"},{"key":"Kohlenhydrate","value":"1,5 g"},{"key":"Kohlenhydrate, davon Zucker","value":"0,1 g"},{"key":"Ballaststoffe","value":"1 g"},{"key":"Eiweiß","value":"12 g"},{"key":"Salz","value":"0,98 g"},{"key":"Broteinheiten","value":"0,1 BE"}],"tags":["Bio","Vegetarisch","Vegan","Glutenfrei","Lactosefrei"]},
    {"url":"https://www.interspar.at/shop/lebensmittel/p/1112320","data":[{"key":"price","value":"1,99 €"},{"key":"oldPrice","value":"\n\t\t\t\t\t\n\t\t\t\t\t \n\t\t\t\t"},{"key":"pricePerUnit","value":"(9.95 €/kg)"},{"key":"productDetailsName","value":"SPAR Veggie - Bio-Tofu Olive - 200 G"},{"key":"detailsDescription","value":"200 G"},{"key":"articleNumber","value":"Artikelnummer: 1112320"},{"key":"Lagerhinweis:","value":["Gekühlt lagern! Nach dem Öffnen rasch genießen!"]},{"key":"Zutaten:","value":["Zutaten: Wasser, 16% SOJABOHNEN*, 12% Oliven*, getrocknete Tomaten*, Sonnenblumenöl*, Weingeistessig*, Gewürze* (enthält SELLERIE), Gerinnungsmittel: Calciumsulfat. *aus biologischer Landwirtschaft. In Großbuchstaben angegebene Zutaten enthalten allergene Inhaltsstoffe."]},{"key":"Allergene:","value":["Enthält:Sellerie und daraus gewonnene Erzeugnisse, Sojabohnen und daraus gewonnene Erzeugnisse"]},{"key":"Bio-Kontrollstelle:","value":["AT-BIO-301"]},{"key":"Ökoherkunft:","value":["EU-/Nicht-EU-Landwirtschaft"]},{"key":"Ursprungsland/Herkunftsort:","value":["Sorgfältig hergestellt in Österreich"]},{"key":"Kontakt:","value":["SPAR Österr. Warenhandels-AG","Europastraße 3, 5015 Salzburg, Österreich"]}],"nutritions":[{"key":" ","value":"100 g"},{"key":"","value":"Unzubereitet"},{"key":"Energie","value":"674 kJ | 162 kcal"},{"key":"Fett","value":"12 g"},{"key":"Fett, davon gesättigte Fettsäuren","value":"1,9 g"},{"key":"Kohlenhydrate","value":"0,4 g"},{"key":"Kohlenhydrate, davon Zucker","value":"0,1 g"},{"key":"Ballaststoffe","value":"2,5 g"},{"key":"Eiweiß","value":"13 g"},{"key":"Salz","value":"0,58 g"},{"key":"Broteinheiten","value":"0 BE"}],"tags":["Bio","Vegan"]},
    {"url":"https://www.interspar.at/shop/lebensmittel/p/1113723","data":[{"key":"price","value":"1,49 €"},{"key":"oldPrice","value":"\n\t\t\t\t\t\n\t\t\t\t\t \n\t\t\t\t"},{"key":"pricePerUnit","value":"(11.92 €/kg)"},{"key":"productDetailsName","value":"SPAR Veggie - Bio-Tramezzini-Aufstrich pikant - 125 G"},{"key":"detailsDescription","value":"125 G"},{"key":"articleNumber","value":"Artikelnummer: 1113723"},{"key":"Lagerhinweis:","value":["Vor und nach dem Öffnen gekühlt bei +2°C bis +6°C lagern. Nach dem Öffnen innerhalb von 3 Tagen verbrauchen."]},{"key":"Zutaten:","value":["Zutaten: Gemüse* 50%  (in veränderlichen Gewichtsanteilen: Paprika*, Karotten*, Zwiebel*, SELLERIE*, Tomaten*), Sonnenblumenöl*, Trinkwasser, Essiggurken* (Gurken*, Weingeistessig*, Speisesalz, Zucker*, Gewürze*), Apfelessig*, SOJABOHNEN*, Maisstärke*, Speisesalz, Zucker*, SENFKORN*, Gewürze*, Verdickungsmittel: Johannisbrotkernmehl*. *aus biologischer Landwirtschaft. In Großbuchstaben angegebene Zutaten enthalten allergene Inhaltsstoffe."]},{"key":"Allergene:","value":["Enthält:Sellerie und daraus gewonnene Erzeugnisse, Senf und daraus gewonnene Erzeugnisse, Sojabohnen und daraus gewonnene Erzeugnisse"]},{"key":"Bio-Kontrollstelle:","value":["AT-BIO-301"]},{"key":"Ökoherkunft:","value":["EU-/Nicht-EU-Landwirtschaft"]},{"key":"Zusatztext:","value":["Eine abwechslungsreiche, ausgewogene Ernährung, Bewegung und ein gesunder Lebensstil sind wichtig für die Gesundheit."]},{"key":"Ursprungsland/Herkunftsort:","value":["hergestellt in Österreich"]},{"key":"Verbrauchen nach dem Öffnen:","value":["3 Tage"]},{"key":"Kontakt:","value":["SPAR Österr. Warenhandels-AG","Europastraße 3, 5015 Salzburg, Österreich"]}],"nutritions":[{"key":"","value":"Unzubereitet"},{"key":" ","value":"100 g"},{"key":"Energie","value":"928 kJ | 225 kcal"},{"key":"Fett","value":"21 g"},{"key":"Fett, davon gesättigte Fettsäuren","value":"2,4 g"},{"key":"Kohlenhydrate","value":"5,7 g"},{"key":"Kohlenhydrate, davon Zucker","value":"3,5 g"},{"key":"Ballaststoffe","value":"2,5 g"},{"key":"Eiweiß","value":"2 g"},{"key":"Salz","value":"1,3 g"},{"key":"Broteinheiten","value":"0,5 BE"}],"tags":["Bio","Vegan","Glutenfrei","Lactosefrei"]},
    {"url":"https://www.interspar.at/shop/lebensmittel/p/1113778","data":[{"key":"price","value":"1,49 €"},{"key":"oldPrice","value":"\n\t\t\t\t\t\n\t\t\t\t\t \n\t\t\t\t"},{"key":"pricePerUnit","value":"(11.92 €/kg)"},{"key":"productDetailsName","value":"SPAR Veggie - Veganer Bio-Aufstrich Ei-frei - 125 G"},{"key":"detailsDescription","value":"125 G"},{"key":"articleNumber","value":"Artikelnummer: 1113778"},{"key":"Lagerhinweis:","value":["Vor und nach dem Öffnen gekühlt bei +2°C bis +6°C lagern. Nach dem Öffnen innerhalb von 3 Tagen verbrauchen."]},{"key":"Zutaten:","value":["Zutaten: Karotten* 20%, Sonnenblumenöl*, Tofu* (Trinkwasser, SOJABOHNEN*, Gerinnungsmittel: Calciumsulfat), Zwiebel*, SELLERIE*, Apfelessig*, Trinkwasser, SOJABOHNEN*, Speisesalz, Maisstärke*, Zucker*, SENFKORN*, Gewürze*, Nährhefe, Maltodextrin*, Kräuter*. *aus biologischer Landwirtschaft. In Großbuchstaben angegebene Zutaten enthalten allergene Inhaltsstoffe."]},{"key":"Allergene:","value":["Enthält:Sellerie und daraus gewonnene Erzeugnisse, Senf und daraus gewonnene Erzeugnisse, Sojabohnen und daraus gewonnene Erzeugnisse"]},{"key":"Bio-Kontrollstelle:","value":["AT-BIO-301"]},{"key":"Ökoherkunft:","value":["EU-/Nicht-EU-Landwirtschaft"]},{"key":"Zusatztext:","value":["Eine abwechslungsreiche, ausgewogene Ernährung, Bewegung und ein gesunder Lebensstil sind wichtig für die Gesundheit."]},{"key":"Ursprungsland/Herkunftsort:","value":["hergestellt in Österreich"]},{"key":"Verbrauchen nach dem Öffnen:","value":["3 Tage"]},{"key":"Kontakt:","value":["SPAR Österr. Warenhandels-AG","Europastraße 3, 5015 Salzburg, Österreich"]}],"nutritions":[{"key":"","value":"Unzubereitet"},{"key":" ","value":"100 g"},{"key":"Energie","value":"991 kJ | 240 kcal"},{"key":"Fett","value":"23 g"},{"key":"Fett, davon gesättigte Fettsäuren","value":"3,1 g"},{"key":"Kohlenhydrate","value":"4,9 g"},{"key":"Kohlenhydrate, davon Zucker","value":"3,1 g"},{"key":"Ballaststoffe","value":"1,4 g"},{"key":"Eiweiß","value":"2,7 g"},{"key":"Salz","value":"1,3 g"},{"key":"Broteinheiten","value":"0,4 BE"}],"tags":["Bio","Vegan","Glutenfrei","Lactosefrei"]},
    {"url":"https://www.interspar.at/shop/lebensmittel/p/1113846","data":[{"key":"price","value":"1,49 €"},{"key":"oldPrice","value":"\n\t\t\t\t\t\n\t\t\t\t\t \n\t\t\t\t"},{"key":"pricePerUnit","value":"(11.92 €/kg)"},{"key":"productDetailsName","value":"SPAR Veggie - Veganer Bio-Aufstrich Hummus - 125 G"},{"key":"detailsDescription","value":"125 G"},{"key":"articleNumber","value":"Artikelnummer: 1113846"},{"key":"Lagerhinweis:","value":["Vor und nach dem Öffnen gekühlt lagern. Nach dem Öffnen innerhalb von 2 Tagen verbrauchen."]},{"key":"Zutaten:","value":["Zutaten: Kichererbsen* 38%, Trinkwasser, Sonnenblumenöl*, SESAMSAAT*, SOJABOHNEN*, Speisesalz, Maisstärke*, Zitronensaftpulver*, Gewürze*, Verdickungsmittel: Johannisbrotkernmehl*, Maltodextrin*, natürliches Zitronenaroma. *aus biologischer Landwirtschaft. In Großbuchstaben angegebene Zutaten enthalten allergene Inhaltsstoffe."]},{"key":"Allergene:","value":["Enthält:Sesamsamen und daraus gewonnene Erzeugnisse, Sojabohnen und daraus gewonnene Erzeugnisse"]},{"key":"Bio-Kontrollstelle:","value":["AT-BIO-301"]},{"key":"Ökoherkunft:","value":["EU-/Nicht-EU-Landwirtschaft"]},{"key":"Zusatztext:","value":["Eine abwechslungsreiche, ausgewogene Ernährung, Bewegung und ein gesunder Lebensstil sind wichtig für die Gesundheit."]},{"key":"Ursprungsland/Herkunftsort:","value":["hergestellt in Österreich"]},{"key":"Verbrauchen nach dem Öffnen:","value":["2 Tage"]},{"key":"Kontakt:","value":["SPAR Österr. Warenhandels-AG","Europastraße 3, 5015 Salzburg, Österreich"]}],"nutritions":[{"key":" ","value":"100 g"},{"key":"","value":"Unzubereitet"},{"key":"Energie","value":"1148 kJ | 277 kcal"},{"key":"Fett","value":"23 g"},{"key":"Fett, davon gesättigte Fettsäuren","value":"3 g"},{"key":"Kohlenhydrate","value":"9,9 g"},{"key":"Kohlenhydrate, davon Zucker","value":"1,2 g"},{"key":"Ballaststoffe","value":"2,7 g"},{"key":"Eiweiß","value":"6,3 g"},{"key":"Salz","value":"1,3 g"},{"key":"Broteinheiten","value":"0,8 BE"}],"tags":["Bio","Vegan","Glutenfrei","Lactosefrei"]},
    {"url":"https://www.interspar.at/shop/lebensmittel/p/1114027","data":[{"key":"price","value":"2,99 €"},{"key":"oldPrice","value":"\n\t\t\t\t\t\n\t\t\t\t\t \n\t\t\t\t"},{"key":"pricePerUnit","value":"(14.95 €/kg)"},{"key":"productDetailsName","value":"SPAR Veggie - Vegane Bratwurst mit Majoran 2 Stück - 200 G"},{"key":"detailsDescription","value":"200 G"},{"key":"articleNumber","value":"Artikelnummer: 1114027"},{"key":"Lagerhinweis:","value":["Gekühlt lagern! Nach dem Öffnen innerhalb von 2 Tagen verbrauchen."]},{"key":"Zutaten:","value":["Zutaten: Wasser, WEIZENEIWEISS 30%, Rapsöl, Kokosöl, Speisesalz, Paniermehl (WEIZENMEHL, Wasser, Speisesalz, Hefe), Reisstärke, Gewürze, Zwiebel, Knoblauch, Antioxidationsmittel: Ascorbinsäure, Weizenhalmfaser, Majoran. In Großbuchstaben angegebene Zutaten enthalten allergene Inhaltsstoffe."]},{"key":"Allergene:","value":["Enthält:Glutenhaltiges Getreide und daraus hergestellte Erzeugnisse"]},{"key":"Zubereitung:","value":["Braten in FettEntfernen Sie die Haut vor dem Braten!In einer beschichteten Pfanne etwas Öl erhitzen und die geschälte Bratwurst unter mehrmaligem Wenden ca. 6 Minuten braten."]},{"key":"Zusatztext:","value":["Eine abwechslungsreiche, ausgewogene Ernährung, Bewegung und ein gesunder Lebensstil sind wichtig für die Gesundheit."]},{"key":"Ursprungsland/Herkunftsort:","value":["hergestellt in Österreich"]},{"key":"Verbrauchen nach dem Öffnen:","value":["2 Tage"]},{"key":"Kontakt:","value":["SPAR Österr. Warenhandels-AG","Europastraße 3, 5015 Salzburg, Österreich"]}],"nutritions":[{"key":" ","value":"100 g"},{"key":"","value":"Unzubereitet"},{"key":"Energie","value":"1043 kJ | 250 kcal"},{"key":"Fett","value":"14 g"},{"key":"Fett, davon gesättigte Fettsäuren","value":"4,6 g"},{"key":"Kohlenhydrate","value":"5,4 g"},{"key":"Kohlenhydrate, davon Zucker","value":"1 g"},{"key":"Ballaststoffe","value":"1 g"},{"key":"Eiweiß","value":"25 g"},{"key":"Salz","value":"2,5 g"},{"key":"Broteinheiten","value":"0,5 BE"}],"tags":["Vegan","Lactosefrei"]},
    {"url":"https://www.interspar.at/shop/lebensmittel/p/1114409","data":[{"key":"price","value":"1,49 €"},{"key":"oldPrice","value":"\n\t\t\t\t\t\n\t\t\t\t\t \n\t\t\t\t"},{"key":"pricePerUnit","value":"(11.92 €/kg)"},{"key":"productDetailsName","value":"SPAR Veggie - Veganer Bio-Aufstrich Gemüse - 125 G"},{"key":"detailsDescription","value":"125 G"},{"key":"articleNumber","value":"Artikelnummer: 1114409"},{"key":"Lagerhinweis:","value":["Vor und nach dem Öffnen gekühlt lagern. Nach dem Öffnen innerhalb von 3 Tagen verbrauchen."]},{"key":"Zutaten:","value":["Zutaten: SOJABOHNEN*,Trinkwasser, Gemüse* 18% (in veränderlichen Gewichtsanteilen: Karotten*, KNOLLENSELLERIE*, Erbsen*), Sonnenblumenöl*, GRÜNKERN* 4%, Apfelessig*, Sojasauce* (Trinkwasser, SOJABOHNEN*, Meersalz), unjodiertes Speisesalz, Nährhefe, Kräuter*, Gewürze*. *aus biologischer Landwirtschaft. In Großbuchstaben angegebene Zutaten enthalten allergene Inhaltsstoffe."]},{"key":"Allergene:","value":["Enthält:Glutenhaltiges Getreide und daraus hergestellte Erzeugnisse, Sellerie und daraus gewonnene Erzeugnisse, Sojabohnen und daraus gewonnene Erzeugnisse"]},{"key":"Bio-Kontrollstelle:","value":["AT-BIO-301"]},{"key":"Ökoherkunft:","value":["EU-/Nicht-EU-Landwirtschaft"]},{"key":"Zusatztext:","value":["Eine abwechslungsreiche, ausgewogene Ernährung, Bewegung und ein gesunder Lebensstil sind wichtig für die Gesundheit."]},{"key":"Ursprungsland/Herkunftsort:","value":["hergestellt in Österreich"]},{"key":"Verbrauchen nach dem Öffnen:","value":["3 Tage"]},{"key":"Kontakt:","value":["SPAR Österr. Warenhandels-AG","Europastraße 3, 5015 Salzburg, Österreich"]}],"nutritions":[{"key":"","value":"Unzubereitet"},{"key":" ","value":"100 g"},{"key":"Energie","value":"1098 kJ | 265 kcal"},{"key":"Fett","value":"22 g"},{"key":"Fett, davon gesättigte Fettsäuren","value":"2,6 g"},{"key":"Kohlenhydrate","value":"5 g"},{"key":"Kohlenhydrate, davon Zucker","value":"2,7 g"},{"key":"Ballaststoffe","value":"4,5 g"},{"key":"Eiweiß","value":"9,6 g"},{"key":"Salz","value":"1,3 g"},{"key":"Broteinheiten","value":"0,4 BE"}],"tags":["Bio","Vegan","Lactosefrei"]},
    {"url":"https://www.interspar.at/shop/lebensmittel/p/1114485","data":[{"key":"price","value":"1,49 €"},{"key":"oldPrice","value":"\n\t\t\t\t\t\n\t\t\t\t\t \n\t\t\t\t"},{"key":"pricePerUnit","value":"(11.92 €/kg)"},{"key":"productDetailsName","value":"SPAR Veggie - Veganer Bio-Aufstrich Tomate-Olive - 125 G"},{"key":"detailsDescription","value":"125 G"},{"key":"articleNumber","value":"Artikelnummer: 1114485"},{"key":"Lagerhinweis:","value":["Vor und nach dem Öffnen gekühlt bei 2 - 6 °C lagern. Nach dem Öffnen innerhalb von 3 Tagen verbrauchen."]},{"key":"Zutaten:","value":["Zutaten: Tomaten* 24%, SOJABOHNEN*, Trinkwasser, Sonnenblumenöl*, Oliven* 4%, Apfelessig*, Zwiebel*, unjodiertes Speisesalz, Kräuter*, Knoblauch*. *aus biologischer Landwirtschaft. In Großbuchstaben angegebene Zutaten enthalten allergene Inhaltsstoffe."]},{"key":"Allergene:","value":["Enthält:Sojabohnen und daraus gewonnene Erzeugnisse"]},{"key":"Bio-Kontrollstelle:","value":["AT-BIO-301"]},{"key":"Ökoherkunft:","value":["EU-/Nicht-EU-Landwirtschaft"]},{"key":"Zusatztext:","value":["Eine abwechslungsreiche, ausgewogene Ernährung, Bewegung und ein gesunder Lebensstil sind wichtig für die Gesundheit."]},{"key":"Ursprungsland/Herkunftsort:","value":["hergestellt in Österreich"]},{"key":"Verbrauchen nach dem Öffnen:","value":["3 Tage"]},{"key":"Kontakt:","value":["SPAR Österr. Warenhandels-AG","Europastraße 3, 5015 Salzburg, Österreich"]}],"nutritions":[{"key":" ","value":"100 g"},{"key":"","value":"Unzubereitet"},{"key":"Energie","value":"1075 kJ | 260 kcal"},{"key":"Fett","value":"21 g"},{"key":"Fett, davon gesättigte Fettsäuren","value":"2,6 g"},{"key":"Kohlenhydrate","value":"5,5 g"},{"key":"Kohlenhydrate, davon Zucker","value":"3 g"},{"key":"Ballaststoffe","value":"4,3 g"},{"key":"Eiweiß","value":"10 g"},{"key":"Salz","value":"1,5 g"},{"key":"Broteinheiten","value":"0,5 BE"}],"tags":["Bio","Vegan","Glutenfrei","Lactosefrei"]},
    {"url":"https://www.interspar.at/shop/lebensmittel/p/1118834","data":[{"key":"price","value":"1,49 €"},{"key":"oldPrice","value":"\n\t\t\t\t\t\n\t\t\t\t\t \n\t\t\t\t"},{"key":"pricePerUnit","value":"(11.92 €/kg)"},{"key":"productDetailsName","value":"SPAR Veggie - Veganer Bio-Aufstrich Curry-Ananas - 125 G"},{"key":"detailsDescription","value":"125 G"},{"key":"articleNumber","value":"Artikelnummer: 1118834"},{"key":"Lagerhinweis:","value":["Vor und nach dem Öffnen gekühlt lagern. Nach dem Öffnen innerhalb von 3 Tagen verbrauchen."]},{"key":"Zutaten:","value":["Zutaten: SOJABOHNEN*, Trinkwasser, Sonnenblumenöl*, Gemüse* (in veränderlichen Gewichtsanteilen: Zwiebel*, KNOLLENSELLERIE*), Essiggurken* (Gurken*, Weingeistessig*, Zucker*, Speisesalz, Gewürze*), 5% Ananas*, Nährhefe, Speisesalz, Apfelessig*, Curry* 0,6% (Curcuma*, Cumin*, Ingwer*, Koriander*, Bockshornkleesaat*, Fenchel*), Maisstärke*, Kräuter*, SENFKORN*, Gewürze*. * aus biologischer Landwirtschaft. In Großbuchstaben angegebene Zutaten enthalten allergene Inhaltsstoffe."]},{"key":"Allergene:","value":["Enthält:Sellerie und daraus gewonnene Erzeugnisse, Senf und daraus gewonnene Erzeugnisse, Sojabohnen und daraus gewonnene Erzeugnisse"]},{"key":"Bio-Kontrollstelle:","value":["AT-BIO-301"]},{"key":"Ökoherkunft:","value":["EU-/Nicht-EU-Landwirtschaft"]},{"key":"Zusatztext:","value":["Eine abwechslungsreiche, ausgewogene Ernährung, Bewegung und ein gesunder Lebensstil sind wichtig für die Gesundheit."]},{"key":"Ursprungsland/Herkunftsort:","value":["hergestellt in Österreich"]},{"key":"Verbrauchen nach dem Öffnen:","value":["3 Tage"]},{"key":"Kontakt:","value":["SPAR Österr. Warenhandels-AG","Europastraße 3, 5015 Salzburg, Österreich"]}],"nutritions":[{"key":" ","value":"100 g"},{"key":"","value":"Unzubereitet"},{"key":"Energie","value":"1081 kJ | 261 kcal"},{"key":"Fett","value":"20 g"},{"key":"Fett, davon gesättigte Fettsäuren","value":"2,4 g"},{"key":"Kohlenhydrate","value":"6,9 g"},{"key":"Kohlenhydrate, davon Zucker","value":"4,5 g"},{"key":"Ballaststoffe","value":"4,6 g"},{"key":"Eiweiß","value":"11 g"},{"key":"Salz","value":"1,3 g"},{"key":"Broteinheiten","value":"0,6 BE"}],"tags":["Bio","Vegan","Glutenfrei","Lactosefrei"]},
    {"url":"https://www.interspar.at/shop/lebensmittel/p/1119299","data":[{"key":"price","value":"1,49 €"},{"key":"oldPrice","value":"\n\t\t\t\t\t\n\t\t\t\t\t \n\t\t\t\t"},{"key":"pricePerUnit","value":"(11.92 €/kg)"},{"key":"productDetailsName","value":"SPAR Veggie - Veganer Bio-Aufstrich Tomate-Basilikum - 125 G"},{"key":"detailsDescription","value":"125 G"},{"key":"articleNumber","value":"Artikelnummer: 1119299"},{"key":"Lagerhinweis:","value":["Vor und nach dem Öffnen gekühlt lagern. Nach dem Öffnen innerhalb von 3 Tagen verbrauchen."]},{"key":"Zutaten:","value":["Zutaten: Tomaten* 28%, SOJABOHNEN*, Trinkwasser, Zwiebel*, Sonnenblumenöl*, Paprika*, Nährhefe, Sojasauce* (Trinkwasser, SOJABOHNEN*, Meersalz), GRÜNKERN*, Apfelessig*, Speisesalz, Maisstärke*, Basilikum* 0,2%, Kräuter*, Gewürze*. * aus biologischer Landwirtschaft. In Großbuchstaben angegebene Zutaten enthalten allergene Inhaltsstoffe."]},{"key":"Allergene:","value":["Enthält:Glutenhaltiges Getreide und daraus hergestellte Erzeugnisse, Sojabohnen und daraus gewonnene Erzeugnisse"]},{"key":"Bio-Kontrollstelle:","value":["AT-BIO-301"]},{"key":"Ökoherkunft:","value":["EU-/Nicht-EU-Landwirtschaft"]},{"key":"Zusatztext:","value":["Eine abwechslungsreiche, ausgewogene Ernährung, Bewegung und ein gesunder Lebensstil sind wichtig für die Gesundheit."]},{"key":"Ursprungsland/Herkunftsort:","value":["hergestellt in Österreich"]},{"key":"Verbrauchen nach dem Öffnen:","value":["3 Tage"]},{"key":"Kontakt:","value":["SPAR Österr. Warenhandels-AG","Europastraße 3, 5015 Salzburg, Österreich"]}],"nutritions":[{"key":" ","value":"100 g"},{"key":"","value":"Unzubereitet"},{"key":"Energie","value":"1022 kJ | 246 kcal"},{"key":"Fett","value":"18 g"},{"key":"Fett, davon gesättigte Fettsäuren","value":"2,2 g"},{"key":"Kohlenhydrate","value":"7,8 g"},{"key":"Kohlenhydrate, davon Zucker","value":"3,7 g"},{"key":"Ballaststoffe","value":"4,5 g"},{"key":"Eiweiß","value":"11 g"},{"key":"Salz","value":"1 g"},{"key":"Broteinheiten","value":"0,7 BE"}],"tags":["Bio","Vegan","Lactosefrei"]},
    {"url":"https://www.interspar.at/shop/lebensmittel/p/1119725","data":[{"key":"price","value":"1,49 €"},{"key":"oldPrice","value":"\n\t\t\t\t\t\n\t\t\t\t\t \n\t\t\t\t"},{"key":"pricePerUnit","value":"(11.92 €/kg)"},{"key":"productDetailsName","value":"SPAR Veggie - Veganer Bio-Aufstrich Indianerbohne-Chili - 125 G"},{"key":"detailsDescription","value":"125 G"},{"key":"articleNumber","value":"Artikelnummer: 1119725"},{"key":"Lagerhinweis:","value":["Vor und nach dem Öffnen gekühlt bei 2-6°C lagern. Nach dem Öffnen innerhalb von 3 Tagen verbrauchen."]},{"key":"Zutaten:","value":["Zutaten: Indianerbohnen* 40%, Tomaten*, Sonnenblumenöl*, Karotten*, Zwiebel*, SOJABOHNEN*, Trinkwasser, Paprika*, unjodiertes Speisesalz, Maisstärke*, Chili* 0,2%, Gewürze*, Kräuter*. *aus biologischer Landwirtschaft. In Großbuchstaben angegebene Zutaten enthalten allergene Inhaltsstoffe."]},{"key":"Allergene:","value":["Enthält:Sojabohnen und daraus gewonnene Erzeugnisse"]},{"key":"Bio-Kontrollstelle:","value":["AT-BIO-301"]},{"key":"Ökoherkunft:","value":["EU-/Nicht-EU-Landwirtschaft"]},{"key":"Zusatztext:","value":["Eine abwechslungsreiche, ausgewogene Ernährung, Bewegung und ein gesunder Lebensstil sind wichtig für die Gesundheit."]},{"key":"Ursprungsland/Herkunftsort:","value":["hergestellt in Österreich"]},{"key":"Verbrauchen nach dem Öffnen:","value":["3 Tage"]},{"key":"Kontakt:","value":["SPAR Österr. Warenhandels-AG","Europastraße 3, 5015 Salzburg, Österreich"]}],"nutritions":[{"key":"","value":"Unzubereitet"},{"key":" ","value":"100 g"},{"key":"Energie","value":"1019 kJ | 245 kcal"},{"key":"Fett","value":"16 g"},{"key":"Fett, davon gesättigte Fettsäuren","value":"1,9 g"},{"key":"Kohlenhydrate","value":"16 g"},{"key":"Kohlenhydrate, davon Zucker","value":"3 g"},{"key":"Ballaststoffe","value":"4,5 g"},{"key":"Eiweiß","value":"7 g"},{"key":"Salz","value":"1,3 g"},{"key":"Broteinheiten","value":"1,3 BE"}],"tags":["Bio","Vegan","Glutenfrei","Lactosefrei"]},
    {"url":"https://www.interspar.at/shop/lebensmittel/p/1125399","data":[{"key":"price","value":"2,99 €"},{"key":"oldPrice","value":"\n\t\t\t\t\t\n\t\t\t\t\t \n\t\t\t\t"},{"key":"pricePerUnit","value":"(16.61 €/kg)"},{"key":"productDetailsName","value":"SPAR Veggie - Vegane Bio-Bratstreifen - 180 G"},{"key":"detailsDescription","value":"180 G"},{"key":"articleNumber","value":"Artikelnummer: 1125399"},{"key":"Lagerhinweis:","value":["Vor und nach dem Öffnen gekühlt lagern. Nach dem Öffnen rasch verbrauchen. Gekühlt bei unter 8°C lagern."]},{"key":"Zutaten:","value":["Zutaten: Tofu* 26% (SOJABOHNEN*, Trinkwasser, Festigungsmittel Magnesiumchlorid, Calciumsulfat), Trinkwasser, WEIZENEIWEISS* 23%, Sonnenblumenöl*, Gemüsepaprika* 5%, Röstzwiebeln* (Zwiebeln*, Palmöl*, WEIZENMEHL*, Speisesalz), Meersalz, Gewürze, Rohrohrzucker*. *aus biologischer Landwirtschaft. In Großbuchstaben angegebene Zutaten enthalten allergene Inhaltsstoffe."]},{"key":"Allergene:","value":["Enthält:Glutenhaltiges Getreide und daraus hergestellte Erzeugnisse, Sojabohnen und daraus gewonnene Erzeugnisse"]},{"key":"Zubereitung:","value":["Braten mit wenig FettIn einer beschichteten Pfanne etwas pflanzliches Öl erhitzen und SPAR Veggie vegane Bratstreifen unter mehrmaligem Wenden ca. 5 Minuten knusprig braten."]},{"key":"Bio-Kontrollstelle:","value":["DE-ÖKO-001"]},{"key":"Ökoherkunft:","value":["EU-/Nicht-EU-Landwirtschaft"]},{"key":"Ursprungsland/Herkunftsort:","value":["Sorgfältig hergestellt in Deutschland"]},{"key":"Kontakt:","value":["SPAR Österr. Warenhandels-AG","Europastraße 3, 5015 Salzburg, Österreich"]}],"nutritions":[{"key":"","value":"Unzubereitet"},{"key":" ","value":"100 g"},{"key":"Energie","value":"1109 kJ | 266 kcal"},{"key":"Fett","value":"16 g"},{"key":"Fett, davon gesättigte Fettsäuren","value":"2,4 g"},{"key":"Kohlenhydrate","value":"5 g"},{"key":"Kohlenhydrate, davon Zucker","value":"3,4 g"},{"key":"Ballaststoffe","value":"3 g"},{"key":"Eiweiß","value":"24 g"},{"key":"Salz","value":"2,4 g"},{"key":"Broteinheiten","value":"0,4 BE"}],"tags":["Bio","Vegan","Lactosefrei"]},
    {"url":"https://www.interspar.at/shop/lebensmittel/p/1125412","data":[{"key":"price","value":"2,99 €"},{"key":"oldPrice","value":"\n\t\t\t\t\t\n\t\t\t\t\t \n\t\t\t\t"},{"key":"pricePerUnit","value":"(14.95 €/kg)"},{"key":"productDetailsName","value":"SPAR Veggie - Veganes Bio-Gyros - 200 G"},{"key":"detailsDescription","value":"200 G"},{"key":"articleNumber","value":"Artikelnummer: 1125412"},{"key":"Lagerhinweis:","value":["Vor und nach dem Öffnen gekühlt lagern. Nach dem Öffnen rasch verbrauchen. Gekühlt bei < 8°C lagern."]},{"key":"Zutaten:","value":["Zutaten: WEIZENEIWEISS* 29%, Trinkwasser, Tofu* 18% (SOJABOHNEN*, Trinkwasser, Festigungsmittel: Magnesiumchlorid, Calciumsulfat), Sonnenblumenöl, Sojasauce (Trinkwasser, SOJABOHNEN*, WEIZEN*, Meersalz), Rote Bete*, Gewürze*, Meersalz, Rohrohrzucker*, Hefe*, SELLERIE*, Kräuter*. *aus biologischer Landwirtschaft. In Großbuchstaben angegebene Zutaten enthalten allergene Inhaltsstoffe."]},{"key":"Allergene:","value":["Enthält:Glutenhaltiges Getreide und daraus hergestellte Erzeugnisse, Sellerie und daraus gewonnene Erzeugnisse, Sojabohnen und daraus gewonnene Erzeugnisse"]},{"key":"Zubereitung:","value":["Braten mit wenig FettIn einer beschichteten Pfanne etwas pflanzliches Öl erhitzen und SPAR Veggie veganes Bio-Gyros unter mehrmaligem Wenden ca. 5 Minuten knusprig anbraten."]},{"key":"Bio-Kontrollstelle:","value":["DE-ÖKO-001"]},{"key":"Ökoherkunft:","value":["EU-/Nicht-EU-Landwirtschaft"]},{"key":"Zusatztext:","value":["Eine abwechslungsreiche, ausgewogene Ernährung, Bewegung und ein gesunder Lebensstil sind wichtig für die Gesundheit."]},{"key":"Ursprungsland/Herkunftsort:","value":["Sorgfältig hergestellt in Deutschland"]},{"key":"Kontakt:","value":["SPAR Österr. Warenhandels-AG","Europastraße 3, 5015 Salzburg, Österreich"]}],"nutritions":[{"key":"","value":"Unzubereitet"},{"key":" ","value":"100 g"},{"key":"Energie","value":"1154 kJ | 276 kcal"},{"key":"Fett","value":"14 g"},{"key":"Fett, davon gesättigte Fettsäuren","value":"1,8 g"},{"key":"Fett, davon einfach ungesättigte Fettsäuren","value":"3,2 g"},{"key":"Fett, davon mehrfach ungesättigte Fettsäuren","value":"9,1 g"},{"key":"Kohlenhydrate","value":"6 g"},{"key":"Kohlenhydrate, davon Zucker","value":"5,7 g"},{"key":"Ballaststoffe","value":"3 g"},{"key":"Eiweiß","value":"30 g"},{"key":"Salz","value":"3 g"},{"key":"Broteinheiten","value":"0,5 BE"}],"tags":["Bio","Vegan","Lactosefrei"]},
    {"url":"https://www.interspar.at/shop/lebensmittel/p/1744248","data":[{"key":"price","value":"1,99 €"},{"key":"oldPrice","value":"\n\t\t\t\t\t\n\t\t\t\t\tstatt 2,99 €\n\t\t\t\t"},{"key":"pricePerUnit","value":"(6.03 €/kg)"},{"key":"productDetailsName","value":"SPAR Feine Küche - Schwammerlgulasch mit Serviettenknödel - 330 G"},{"key":"detailsDescription","value":"330 G"},{"key":"articleNumber","value":"Artikelnummer: 1744248"},{"key":"Lagerhinweis:","value":["Vor und nach dem Öffnen gekühlt lagern bei +2°C bis +5°C."]},{"key":"Zutaten:","value":["Zutaten: WEIZENMEHL, Champignons, Wasser, EI, Gewürzextrakte, Zwiebeln, Austernpilze, Eierschwammerl, Steinpilze, SAUERRAHM, Rapsöl, Sonnenblumenöl, SCHLAGOBERS, zweifach konzentriertes Tomatenmark, VOLLMILCHPULVER, Paprikapulver, Maisstärke, Gewürze, Shiitakepilzpulver, Dextrose, Zucker, Karamellzuckersirup, Speisesalz jodiert (Speisesalz, Kaliumjodid), Hefe, Aroma. In Großbuchstaben angegebene Zutaten enthalten allergene Inhaltsstoffe."]},{"key":"Allergene:","value":["Enthält:Eier und daraus gewonnene Erzeugnisse, Glutenhaltiges Getreide und daraus hergestellte Erzeugnisse, Milch und daraus gewonnene Erzeugnisse (inkl. Laktose)"]},{"key":"","value":["ohne Geschmacksverstärkern"]},{"key":"","value":["Ohne Konservierungsstoffe","Ohne Farbstoffe"]},{"key":"Zubereitung:","value":["Simmern/Köchelnim Wasserbad: In einem Topf Wasser zum Kochen bringen und auf kleine Stufe zurückdrehen. Die geschlossene Schale im heißen Wasser ca. 15 Minuten ziehen lassen. Danach die Folie vorsichtig abziehen, anrichten und genießen.","Zubereitung in der MikrowellePackungsfolie mit einer Gabel mehrfach einstechen. Die geschlossene Schale ca. 3-4 Minuten erhitzen. Kurz ruhen lassen, die Folie abziehen, anrichten und genießen."]},{"key":"Identitätskennzeichen:","value":["AT 30733 EG"]},{"key":"Zusatztext:","value":["Feinschmeckertipp: Mit Schnittlauch und Petersilie garnieren - denn auch das Auge isst mit."]},{"key":"Ursprungsland/Herkunftsort:","value":["hergestellt in Österreich"]},{"key":"Kontakt:","value":["SPAR Österr. Warenhandels-AG","Europastraße 3, 5015 Salzburg, Österreich"]}],"nutritions":[{"key":" ","value":"100 g"},{"key":"","value":"Unzubereitet"},{"key":"Energie","value":"529 kJ | 126 kcal"},{"key":"Fett","value":"5,4 g"},{"key":"Fett, davon gesättigte Fettsäuren","value":"1,8 g"},{"key":"Kohlenhydrate","value":"13 g"},{"key":"Kohlenhydrate, davon Zucker","value":"1,7 g"},{"key":"Ballaststoffe","value":"2,1 g"},{"key":"Eiweiß","value":"5,1 g"},{"key":"Salz","value":"1,4 g"},{"key":"Broteinheiten","value":"1,1 BE"},{"key":" ","value":"Portion (330 g)"},{"key":"","value":"Unzubereitet"},{"key":"Energie","value":"1746 kJ | 416 kcal | 21 %"},{"key":"Fett","value":"18 g | 26 %"},{"key":"Fett, davon gesättigte Fettsäuren","value":"5,9 g | 30 %"},{"key":"Kohlenhydrate","value":"43 g"},{"key":"Kohlenhydrate, davon Zucker","value":"5,6 g | 6 %"},{"key":"Ballaststoffe","value":"6,9 g"},{"key":"Eiweiß","value":"17 g"},{"key":"Salz","value":"4,6 g | 77 %"},{"key":"Broteinheiten","value":"3,6 BE"}],"tags":[]},
    {"url":"https://www.interspar.at/shop/lebensmittel/p/1744606","data":[{"key":"price","value":"2,79 €"},{"key":"oldPrice","value":"\n\t\t\t\t\t\n\t\t\t\t\t \n\t\t\t\t"},{"key":"pricePerUnit","value":"(8.45 €/kg)"},{"key":"productDetailsName","value":"SPAR Feine Küche - Kaiserschmarren mit Zwetschenkenröster - 330 G"},{"key":"detailsDescription","value":"330 G"},{"key":"articleNumber","value":"Artikelnummer: 1744606"},{"key":"Lagerhinweis:","value":["Vor und nach dem Öffnen gekühlt bei +2°C bis +5°C lagern."]},{"key":"Zutaten:","value":["Zutaten: Zwetschken 40%, Wasser, WEIZENMEHL, Zucker, EIPULVER, MILCHZUCKER, HÜHNEREIEIWEISS, EIER, Rapsöl, Sonnenblumenöl, VOLLMILCHPULVER, Rosinen 2%, Gewürzextrakte, Gewürze, Maisstärke, Speisesalz jodiert (Salz, Kaliumjodid), Säuerungsmittel: Citronensäure, Antioxidationsmittel: Ascorbinsäure, Aroma. In Großbuchstaben angegebene Zutaten enthalten allergene Inhaltsstoffe."]},{"key":"Allergene:","value":["Enthält:Eier und daraus gewonnene Erzeugnisse, Glutenhaltiges Getreide und daraus hergestellte Erzeugnisse, Milch und daraus gewonnene Erzeugnisse (inkl. Laktose)"]},{"key":"","value":["ohne Zusatz von Geschmacksverstärker"]},{"key":"","value":["Ohne Farbstoffe","Ohne Konservierungsstoffe"]},{"key":"Zubereitung:","value":["Zubereitung in der MikrowellePackungsfolie mit einer Gabel mehrfach einstechen. Die geschlossene Schale ca. 3-4 Minuten erhitzen. Kurz ruhen lassen, die Folie abziehen, anrichten und genießen.","Erhitzen und servierenIn einem Topf Wasser zum Kochen bringen und auf kleine Stufe zurückdrehen. Die geschlossene Schale im heißen Wasser ca. 15 Minuten ziehen lassen. Danach die Folie vorsichtig abziehen, anrichten und genießen."]},{"key":"Identitätskennzeichen:","value":["AT 30733 EG"]},{"key":"Ursprungsland/Herkunftsort:","value":["hergestellt in Österreich"]},{"key":"Kontakt:","value":["SPAR Österr. Warenhandels-AG","Europastraße 3, 5015 Salzburg, Österreich"]}],"nutritions":[{"key":"","value":"Unzubereitet"},{"key":" ","value":"100 g"},{"key":"Energie","value":"801 kJ | 191 kcal"},{"key":"Fett","value":"5,3 g"},{"key":"Fett, davon gesättigte Fettsäuren","value":"1,1 g"},{"key":"Kohlenhydrate","value":"30 g"},{"key":"Kohlenhydrate, davon Zucker","value":"21 g"},{"key":"Ballaststoffe","value":"1,5 g"},{"key":"Eiweiß","value":"4,5 g"},{"key":"Salz","value":"0,65 g"},{"key":"Broteinheiten","value":"2,5 BE"},{"key":"","value":"Unzubereitet"},{"key":" ","value":"Portion (330 g)"},{"key":"Energie","value":"801 kJ | 630 kcal | 31 %"},{"key":"Fett","value":"18 g | 26 %"},{"key":"Fett, davon gesättigte Fettsäuren","value":"3,6 g | 18 %"},{"key":"Kohlenhydrate","value":"99 g"},{"key":"Kohlenhydrate, davon Zucker","value":"69 g | 77 %"},{"key":"Ballaststoffe","value":"5 g"},{"key":"Eiweiß","value":"15 g"},{"key":"Salz","value":"2,2 g | 38 %"},{"key":"Broteinheiten","value":"8 BE"}],"tags":[]},
    {"url":"https://www.interspar.at/shop/lebensmittel/p/1872088","data":[{"key":"price","value":"1,49 €"},{"key":"oldPrice","value":"\n\t\t\t\t\t\n\t\t\t\t\t \n\t\t\t\t"},{"key":"pricePerUnit","value":"(11.92 €/kg)"},{"key":"productDetailsName","value":"SPAR Veggie - Veganer Bio-Hummus Getrocknete Tomaten - 125 G"},{"key":"detailsDescription","value":"125 G"},{"key":"articleNumber","value":"Artikelnummer: 1872088"},{"key":"Lagerhinweis:","value":["Vor und nach dem Öffnen gekühlt lagern. Nach dem Öffnen innerhalb von 2 Tagen verbrauchen."]},{"key":"Zutaten:","value":["Zutaten: Kichererbsen* 34%, Trinkwasser, Sonnenblumenöl*, SESAMSAAT*, getrocknete Tomaten* 3%, Zwiebel*, SOJABOHNEN*, Speisesalz, Maisstärke*, Zucker*, Knoblauch*, Zitronensaftpulver*, Gewürze*, Verdickungsmittel: Johannisbrotkernmehl*, Maltodextrin*, natürliches Zitronenaroma. *aus biologischer Landwirtschaft. In Großbuchstaben angegebene Zutaten enthalten allergene Inhaltsstoffe."]},{"key":"Allergene:","value":["Enthält:Sesamsamen und daraus gewonnene Erzeugnisse, Sojabohnen und daraus gewonnene Erzeugnisse"]},{"key":"Bio-Kontrollstelle:","value":["AT-BIO-301"]},{"key":"Ökoherkunft:","value":["EU-/Nicht-EU-Landwirtschaft"]},{"key":"Zusatztext:","value":["Eine abwechslungsreiche, ausgewogene Ernährung, Bewegung und ein gesunder Lebensstil sind wichtig für die Gesundheit."]},{"key":"Ursprungsland/Herkunftsort:","value":["Hergestellt in Österreich"]},{"key":"Verbrauchen nach dem Öffnen:","value":["2 Tage"]},{"key":"Kontakt:","value":["SPAR Österr. Warenhandels-AG","Europastraße 3, 5015 Salzburg, Österreich"]}],"nutritions":[{"key":" ","value":"100 g"},{"key":"","value":"Unzubereitet"},{"key":"Energie","value":"1094 kJ | 264 kcal"},{"key":"Fett","value":"22 g"},{"key":"Fett, davon gesättigte Fettsäuren","value":"3 g"},{"key":"Kohlenhydrate","value":"10 g"},{"key":"Kohlenhydrate, davon Zucker","value":"2 g"},{"key":"Ballaststoffe","value":"2,5 g"},{"key":"Eiweiß","value":"5,3 g"},{"key":"Salz","value":"1,4 g"},{"key":"Broteinheiten","value":"0,8 BE"}],"tags":["Bio","Vegan"]},
    {"url":"https://www.interspar.at/shop/lebensmittel/p/1934007","data":[{"key":"price","value":"2,29 €"},{"key":"oldPrice","value":"\n\t\t\t\t\t\n\t\t\t\t\t \n\t\t\t\t"},{"key":"pricePerUnit","value":"(11.45 €/kg)"},{"key":"productDetailsName","value":"SPAR Veggie - Vegane Bio-Laibchen Chili 2 Stück - 200 G"},{"key":"detailsDescription","value":"200 G"},{"key":"articleNumber","value":"Artikelnummer: 1934007"},{"key":"Lagerhinweis:","value":["Vor und nach dem Öffnen gekühlt lagern. Nach dem Öffnen innerhalb von 3 Tagen verbrauchen."]},{"key":"Zutaten:","value":["Zutaten: Wasser, texturiertes SOJAEIWEISS* 20%, Semmelbrösel* (WEIZENMEHL*, Hefe, Speisesalz), Zwiebel*, Paprika*, Tomatenmark*, Semmelwürfel* (WEIZENMEHL*, Wasser, Hefe, Speisesalz), Chili Gewürzzubereitung* 3% (Chili*, Paprika*, Verdickungsmittel (Guarkernmehl, Johannisbrotkernmehl)), WEIZENEIWEISS*, Sonnenblumenöl*, Knoblauchpaste* (Knoblauch*, Meersalz), Gewürzzubereitung* (Paprika*, Zwiebel*, Pfeffer*, Knoblauch*, Cumin*, SELLERIE*, Curcuma*, Petersilie*, Liebstöckel*, Tomatenpulver*, Meersalz, Hefeextrakt, Karotten*, Rohrohrzucker*, Dextrose*, Maismehl*, Koriander*, Muskatnuss*, Lauch*, Bockshornkleesaat*), Majoran*, Chili* 0,15%. *aus biologischer Landwirtschaft. In Großbuchstaben angegebene Zutaten enthalten allergene Inhaltsstoffe."]},{"key":"Allergene:","value":["Enthält:Glutenhaltiges Getreide und daraus hergestellte Erzeugnisse, Sellerie und daraus gewonnene Erzeugnisse, Sojabohnen und daraus gewonnene Erzeugnisse"]},{"key":"Zubereitung:","value":["Zubereitung in der Mikrowelle1Min. bei 800 Watt erwärmen.","Braten mit wenig FettMit etwas Öl auf beiden Seiten jeweils 2-3 Minuten bei mittlerer Hitze anbraten.","BackenIm vorgeheizten Backrohr bei 180°C 7-10Min. erwärmen."]},{"key":"Bio-Kontrollstelle:","value":["AT-BIO-301"]},{"key":"Ökoherkunft:","value":["EU-/Nicht-EU-Landwirtschaft"]},{"key":"Ursprungsland/Herkunftsort:","value":["hergestellt in Österreich"]},{"key":"Verbrauchen nach dem Öffnen:","value":["3 Tage"]},{"key":"Kontakt:","value":["SPAR Österr. Warenhandels-AG","Europastraße 3, 5015 Salzburg, Österreich"]}],"nutritions":[{"key":"","value":"Unzubereitet"},{"key":" ","value":"100 g"},{"key":"Energie","value":"854 kJ | 204 kcal"},{"key":"Fett","value":"8,6 g"},{"key":"Fett, davon gesättigte Fettsäuren","value":"1 g"},{"key":"Kohlenhydrate","value":"20,5 g"},{"key":"Kohlenhydrate, davon Zucker","value":"5,4 g"},{"key":"Ballaststoffe","value":"1,3 g"},{"key":"Eiweiß","value":"10,4 g"},{"key":"Salz","value":"0,3 g"},{"key":"Broteinheiten","value":"1,7 BE"}],"tags":["Bio","Vegetarisch","Vegan"]},
    {"url":"https://www.interspar.at/shop/lebensmittel/p/1943153","data":[{"key":"price","value":"2,99 €"},{"key":"oldPrice","value":"\n\t\t\t\t\t\n\t\t\t\t\t \n\t\t\t\t"},{"key":"pricePerUnit","value":"(9.97 €/kg)"},{"key":"productDetailsName","value":"SPAR Veggie - Veganes Bio-Chili sin Carne - 300 G"},{"key":"detailsDescription","value":"300 G"},{"key":"articleNumber","value":"Artikelnummer: 1943153"},{"key":"Lagerhinweis:","value":["Gekühlt lagern. Nach dem Öffnen noch 3 Tage im Kühlschrank haltbar."]},{"key":"Zutaten:","value":["Zutaten: Chilisoße* (Tomatenmark*, Wasser, Sonnenblumenöl*, Paprika*, Chili*), rote Bohnen* gekocht 12% (Bohnen*, Wasser), SOJASCHNETZEL* 10%, Wasser, Tomatenstücke*, Mais* 6%, Zwiebel*, Röstzwiebel* (Zwiebel*, Sonnenblumenöl*), Paprikapulver*, Speisesalz unjodiert, Gewürze*, Maisstärke*, Knoblauch*, Zucker*, Verdickungsmittel: Johannisbrotkernmehl*, Kräuter*. *aus kontrolliert biologischer Landwirtschaft. In Großbuchstaben angegebene Zutaten enthalten allergene Inhaltsstoffe."]},{"key":"Allergene:","value":["Enthält:Sojabohnen und daraus gewonnene Erzeugnisse"]},{"key":"Zubereitung:","value":["Zugabe von Wasser zum Erreichen des UrsprungszustandesSPAR Veggie veganes Bio-Chili sin Carne in einen kleinen Topf geben und ein paar Löffel Wasser zugeben. Auf kleiner Flamme ca. 3 Minuten lang erwärmen.","Zubereitung in der MikrowelleEntfernen Sie den Deckel und stechen Sie die Platine mit einer Gabel mehrmals ein. Erhitzen Sie das Bio-Chili sin Carne bei 600 Watt ca. 1 Minute lang."]},{"key":"Bio-Kontrollstelle:","value":["AT-BIO-301"]},{"key":"Ökoherkunft:","value":["EU-/Nicht-EU-Landwirtschaft"]},{"key":"Zusatztext:","value":["Eine abwechslungsreiche, ausgewogene Ernährung, Bewegung und ein gesunder Lebensstil sind wichtig für die Gesundheit."]},{"key":"Ursprungsland/Herkunftsort:","value":["hergestellt in Österreich"]},{"key":"Verbrauchen nach dem Öffnen:","value":["3 Tage"]},{"key":"Verwendungshinweis:","value":["Vor dem Genuss erhitzen!"]},{"key":"Kontakt:","value":["SPAR Österr. Warenhandels-AG","Europastraße 3, 5015 Salzburg, Österreich"]}],"nutritions":[{"key":"","value":"Unzubereitet"},{"key":" ","value":"100 g"},{"key":"Energie","value":"590 kJ | 142 kcal"},{"key":"Fett","value":"9,4 g"},{"key":"Fett, davon gesättigte Fettsäuren","value":"1,2 g"},{"key":"Kohlenhydrate","value":"8,8 g"},{"key":"Kohlenhydrate, davon Zucker","value":"3 g"},{"key":"Ballaststoffe","value":"3,1 g"},{"key":"Eiweiß","value":"4 g"},{"key":"Salz","value":"1,2 g"},{"key":"Broteinheiten","value":"0,7 BE"}],"tags":["Bio","Vegan","Lactosefrei"]},
    {"url":"https://www.interspar.at/shop/lebensmittel/p/2020000434726","data":[{"key":"price","value":"2,99 €"},{"key":"oldPrice","value":"\n\t\t\t\t\t\n\t\t\t\t\t \n\t\t\t\t"},{"key":"pricePerUnit","value":"(11.96 €/kg)"},{"key":"productDetailsName","value":"Sojarei - Bio Seitan Filets - 250 G"},{"key":"detailsDescription","value":"250 G"},{"key":"articleNumber","value":"Artikelnummer: 2020000434726"},{"key":"Lagerhinweis:","value":["Gekühlt bei +2°C bis +6°C lagern."]},{"key":"Zutaten:","value":["Zutaten: Wasser, Weizeneiweiß* 29%, Sojasauce* (Wasser, SOJABOHNEN*, Weizen*, Meersalz). *aus kontrolliert biologischer Landwirtschaft. In Großbuchstaben angegebene Zutaten enthalten allergene Inhaltsstoffe."]},{"key":"Allergene:","value":["Enthält:Sojabohnen und daraus gewonnene Erzeugnisse"]},{"key":"Bio-Kontrollstelle:","value":["AT-BIO-301"]},{"key":"Ökoherkunft:","value":["EU-/Nicht-EU-Landwirtschaft"]},{"key":"Zusatztext:","value":["Rein pflanzlich"]},{"key":"Kontakt:","value":["Sojarei Vollwertkost GmbH","Romerstraße 14, 2514 Traiskirchen, Österreich"]}],"nutritions":[],"tags":["Bio","Lactosefrei"]},
    {"url":"https://www.interspar.at/shop/lebensmittel/p/2020000434788","data":[{"key":"price","value":"2,99 €"},{"key":"oldPrice","value":"\n\t\t\t\t\t\n\t\t\t\t\t \n\t\t\t\t"},{"key":"pricePerUnit","value":"(11.96 €/kg)"},{"key":"productDetailsName","value":"Sojarei - Bio Weizeneiweißerzeugnis - 250 G"},{"key":"detailsDescription","value":"250 G"},{"key":"articleNumber","value":"Artikelnummer: 2020000434788"},{"key":"Lagerhinweis:","value":["Gekühlt bei +2°C bis +6°C lagern. Nach dem Öffnen fest verschließen und ehebaldigst verzehren."]},{"key":"Zutaten:","value":["Zutaten: Wasser, WEIZENEIWEIß* 35%, SOJASAUCE* (Wasser, SOJABOHNEN*, WEIZEN*, Meersalz). *aus kontrolliert biologischer Landwirtschaft. In Großbuchstaben angegebene Zutaten enthalten allergene Inhaltsstoffe."]},{"key":"Allergene:","value":["Enthält:Glutenhaltiges Getreide und daraus hergestellte Erzeugnisse, Sojabohnen und daraus gewonnene Erzeugnisse"]},{"key":"Bio-Kontrollstelle:","value":["AT-BIO-301"]},{"key":"Ökoherkunft:","value":["EU-/Nicht-EU-Landwirtschaft"]},{"key":"Zusatztext:","value":["100% vegan, 100% bio, produziert in Österreich, pfannenfertig, geschnitten"]},{"key":"Kontakt:","value":["Sojarei Vollwertkost GmbH","Römerstraße 14, 2514 Traiskirchen, Österreich"]}],"nutritions":[{"key":"","value":"Unzubereitet"},{"key":" ","value":"100 g"},{"key":"Energie","value":"723 kJ | 171 kcal"},{"key":"Fett","value":"1,4 g"},{"key":"Fett, davon gesättigte Fettsäuren","value":"0,3 g"},{"key":"Kohlenhydrate","value":"11 g"},{"key":"Kohlenhydrate, davon Zucker","value":"0,1 g"},{"key":"Ballaststoffe","value":"1,2 g"},{"key":"Eiweiß","value":"28 g"},{"key":"Salz","value":"1,6 g"}],"tags":["Bio","Vegan","Lactosefrei"]},
    {"url":"https://www.interspar.at/shop/lebensmittel/p/2020000434818","data":[{"key":"price","value":"2,99 €"},{"key":"oldPrice","value":"\n\t\t\t\t\t\n\t\t\t\t\t \n\t\t\t\t"},{"key":"pricePerUnit","value":"(16.61 €/kg)"},{"key":"productDetailsName","value":"Sojarei - Sojaschnitzel paniert - 180 G"},{"key":"detailsDescription","value":"180 G"},{"key":"articleNumber","value":"Artikelnummer: 2020000434818"},{"key":"Lagerhinweis:","value":["Gekühlt bei +2°C bis +6°C lagern. Nach dem Öffnen gekühlt lagern und innerhalb von 3 Tagen verbrauchen."]},{"key":"Zutaten:","value":["Zutaten: Wasser, SOJAEIWEISSERZEUGNIS 10%, Brösel (WEIZEN, Hefe, Wasser, Speisesalz), Meersalz, Sonnenblumenöl, Nasspanade (Kartoffelstärke, Reismehl, WEIZENSTÄRKE, WEIZENQUELLMEHL). Frittiert in Sonnenblumenöl. In Großbuchstaben angegebene Zutaten enthalten allergene Inhaltsstoffe."]},{"key":"Allergene:","value":["Enthält:Glutenhaltiges Getreide und daraus hergestellte Erzeugnisse, Sojabohnen und daraus gewonnene Erzeugnisse"]},{"key":"Zubereitung:","value":["Braten mit wenig FettMit etwas Öl auf beiden Seiten jeweils 2-3 Minuten bei mittlerer Hitze anbraten.","BackenIm vorgeheizten Backrohr bei 180°C 7-10 Minuten erwärmen.","Zubereitung in der Mikrowelle1 Minute bei 800 Watt erwärmen."]},{"key":"Zusatztext:","value":["Pfannenfertig"]},{"key":"Ursprungsland/Herkunftsort:","value":["Österreich"]},{"key":"Verbrauchen nach dem Öffnen:","value":["3 Tage","3 Tage"]},{"key":"Kontakt:","value":["Sojarei Vollwertkost GmbH","Romerstraße 14, 2514 Traiskirchen, Österreich"]}],"nutritions":[{"key":" ","value":"100 g"},{"key":"","value":"Unzubereitet"},{"key":"Energie","value":"1060 kJ | 254 kcal"},{"key":"Fett","value":"16 g"},{"key":"Fett, davon gesättigte Fettsäuren","value":"2 g"},{"key":"Kohlenhydrate","value":"12 g"},{"key":"Kohlenhydrate, davon Zucker","value":"0,6 g"},{"key":"Ballaststoffe","value":"3,3 g"},{"key":"Eiweiß","value":"14 g"},{"key":"Salz","value":"1,19 g"}],"tags":["Bio","Vegan","Lactosefrei"]},
    {"url":"https://www.interspar.at/shop/lebensmittel/p/2020000434849","data":[{"key":"price","value":"2,99 €"},{"key":"oldPrice","value":"\n\t\t\t\t\t\n\t\t\t\t\t \n\t\t\t\t"},{"key":"pricePerUnit","value":"(19.93 €/kg)"},{"key":"productDetailsName","value":"Sojarei - Bio Seitan Griller - 150 G"},{"key":"detailsDescription","value":"150 G"},{"key":"articleNumber","value":"Artikelnummer: 2020000434849"},{"key":"Lagerhinweis:","value":["Gekühlt bei +2°C bis +6°C lagern. Nach dem Öffnen fest verschließen und innerhalb von 2 Tagen verzehren."]},{"key":"Zutaten:","value":["Zutaten: Wasser, WEIZENEIWEISS*, 15% Seitan* (Wasser, WEIZENEIWEISS*, WEIZENMEHL*, WEIZENSTÄRKE*, Meersalz), Sonnenblumenöl*, Tomatenmark*, Tofu* geräuchert (Wasser, SOJABOHNEN*, Sojasauce* (Wasser, SOJABOHNEN*, WEIZEN*, Meersalz), Hefeflocken, Gewürze* (enthält SENF*, SELLERIE*), Meersalz. *aus kontrolliert biologischer Landwirtschaft. In Großbuchstaben angegebene Zutaten enthalten allergene Inhaltsstoffe."]},{"key":"Allergene:","value":["Enthält:Glutenhaltiges Getreide und daraus hergestellte Erzeugnisse, Sellerie und daraus gewonnene Erzeugnisse, Senf und daraus gewonnene Erzeugnisse, Sojabohnen und daraus gewonnene Erzeugnisse"]},{"key":"Bio-Kontrollstelle:","value":["AT-BIO-301"]},{"key":"Ökoherkunft:","value":["EU-/Nicht-EU-Landwirtschaft"]},{"key":"Zusatztext:","value":["Erzeugnis aus Weizengluten"]},{"key":"Verbrauchen nach dem Öffnen:","value":["2 Tage"]},{"key":"Kontakt:","value":["Sojarei Vollwertkost GmbH","Romerstraße 14, 2514 Traiskirchen, Österreich"]}],"nutritions":[{"key":"","value":"Unzubereitet"},{"key":" ","value":"100 g"},{"key":"Energie","value":"960 kJ | 229 kcal"},{"key":"Fett","value":"12 g"},{"key":"Fett, davon gesättigte Fettsäuren","value":"1,5 g"},{"key":"Kohlenhydrate","value":"4,8 g"},{"key":"Kohlenhydrate, davon Zucker","value":"0,7 g"},{"key":"Eiweiß","value":"25 g"},{"key":"Salz","value":"1,1 g"}],"tags":["Bio","Lactosefrei"]},
    {"url":"https://www.interspar.at/shop/lebensmittel/p/2020000435013","data":[{"key":"price","value":"1,99 €"},{"key":"oldPrice","value":"\n\t\t\t\t\t\n\t\t\t\t\t \n\t\t\t\t"},{"key":"pricePerUnit","value":"(9.95 €/kg)"},{"key":"productDetailsName","value":"SPAR Veggie - Bio-Grilltofu 2 Stück - 200 G"},{"key":"detailsDescription","value":"200 G"},{"key":"articleNumber","value":"Artikelnummer: 2020000435013"},{"key":"Lagerhinweis:","value":["Vor und nach dem Öffnen gekühlt lagern. Nach dem Öffnen innerhalb von 3 Tagen verbrauchen."]},{"key":"Zutaten:","value":["Zutaten: Wasser, 16% SOJABOHNEN*, Sonnenblumenöl*, Meersalz, Palmfett, Tomaten*, Pfeffer*, Zwiebel*, Rosmarin*, Majoran*, Knoblauch*, Oregano*, Liebstöckel*, Bockshornklee*, Paprika*, Thymian*, SELLERIE*, Dextrose*, Gerinnungsmittel: Calciumsulfat; Nigari, Hefeextrakt. *aus biologischer Landwirtschaft. In Großbuchstaben angegebene Zutaten enthalten allergene Inhaltsstoffe."]},{"key":"Allergene:","value":["Enthält:Sellerie und daraus gewonnene Erzeugnisse, Sojabohnen und daraus gewonnene Erzeugnisse"]},{"key":"Zubereitung:","value":["Braten mit wenig FettIn einer Pfanne mit ein wenig Öl anbraten und mit Beilagen genießen."]},{"key":"Bio-Kontrollstelle:","value":["AT-BIO-301"]},{"key":"Ökoherkunft:","value":["EU-/Nicht-EU-Landwirtschaft"]},{"key":"Zusatztext:","value":["Wissen wo's herkommt! Österreichische, 100% gentechnikfreie Sojabohnen mit Herkunftsgarantie: Unsere Bio-Bauern, die Sojabohnen für den Tofu liefern, finden Sie in dem SPAR Tracking-Code unter www.spar.at/veggie."]},{"key":"Ursprungsland/Herkunftsort:","value":["Sojabohnen aus Österreich"]},{"key":"Verbrauchen nach dem Öffnen:","value":["3 Tage"]},{"key":"Kontakt:","value":["SPAR Österr. Warenhandels-AG","Europastraße 3, 5015 Salzburg, Österreich"]}],"nutritions":[{"key":"","value":"Unzubereitet"},{"key":" ","value":"100 g"},{"key":"Energie","value":"932 kJ | 225 kcal"},{"key":"Fett","value":"18,8 g"},{"key":"Fett, davon gesättigte Fettsäuren","value":"2,8 g"},{"key":"Kohlenhydrate","value":"4,3 g"},{"key":"Kohlenhydrate, davon Zucker","value":"1,4 g"},{"key":"Ballaststoffe","value":"1,7 g"},{"key":"Eiweiß","value":"8,8 g"},{"key":"Salz","value":"2,5 g"}],"tags":["Bio","Vegan","Lactosefrei"]},
    {"url":"https://www.interspar.at/shop/lebensmittel/p/2020000454526","data":[{"key":"price","value":"2,99 €"},{"key":"oldPrice","value":"\n\t\t\t\t\t\n\t\t\t\t\t \n\t\t\t\t"},{"key":"pricePerUnit","value":"(14.95 €/kg)"},{"key":"productDetailsName","value":"Garden Gourmet - Vegetarische Gemüse Bällchen - 200 G"},{"key":"detailsDescription","value":"200 G"},{"key":"articleNumber","value":"Artikelnummer: 2020000454526"},{"key":"Lagerhinweis:","value":["Gekühlt lagern bei bis zu +7°C."]},{"key":"Zutaten:","value":["Zutaten: 35% Gemüse (10% Karotten, 9% Erbsen, 7% Mais, 5% SELLERIE, 2% Zwiebeln, 2% rote Paprika), Trinkwasser, pflanzliche Öle (Raps, Sonnenblume), 8% SOJAEIWEISS, 6% WEIZENEIWEISS, HÜHNEREIEIWEISSPULVER, Apfelmark, Zwiebelpulver, Maisstärke, Salz, Weingeistessig, Erbsenfasern, Erbsenstärke, Gewürze (schwarzer Pfeffer, Kurkuma), natürliches Aroma. In Großbuchstaben angegebene Zutaten enthalten allergene Inhaltsstoffe."]},{"key":"Allergene:","value":["Kann Spuren enthalten von:Senf und daraus gewonnene Erzeugnisse, Sesamsamen und daraus gewonnene Erzeugnisse","Enthält:Eier und daraus gewonnene Erzeugnisse, Glutenhaltiges Getreide und daraus hergestellte Erzeugnisse, Sellerie und daraus gewonnene Erzeugnisse, Sojabohnen und daraus gewonnene Erzeugnisse"]},{"key":"Zubereitung:","value":["Braten mit wenig FettIn einer Pfanne mit etwas Öl 4-5 Minuten bei mittlerer Hitze braten, zwischendurch wenden.","BackenIm vorgeheizten Backofen für 6 Minuten bei 180°C backen, zwischendurch wenden."]},{"key":"Ursprungsland/Herkunftsort:","value":["Tschechische Republik"]},{"key":"Kontakt:","value":["Tivall Europe B.V.","Westerholter Str. 750-770, 45701 Herten, Deutschland"]}],"nutritions":[{"key":"","value":"Unzubereitet"},{"key":" ","value":"100 g"},{"key":"Energie","value":"910 kJ | 220 kcal"},{"key":"Fett","value":"15 g"},{"key":"Fett, davon gesättigte Fettsäuren","value":"1,7 g"},{"key":"Kohlenhydrate","value":"3 g"},{"key":"Kohlenhydrate, davon Zucker","value":"2,8 g"},{"key":"Ballaststoffe","value":"8,3 g"},{"key":"Eiweiß","value":"14 g"},{"key":"Salz","value":"1,4 g"},{"key":"","value":"Unzubereitet"},{"key":" ","value":"Portion (70 g)"},{"key":"Energie","value":"637 kJ | 154 kcal | 8 %"},{"key":"Fett","value":"10,5 g | 15 %"},{"key":"Fett, davon gesättigte Fettsäuren","value":"1,2 g | 6 %"},{"key":"Kohlenhydrate","value":"2,1 g | 1 %"},{"key":"Kohlenhydrate, davon Zucker","value":"2 g | 2 %"},{"key":"Ballaststoffe","value":"5,8 g"},{"key":"Eiweiß","value":"9,8 g | 20 %"},{"key":"Salz","value":"0,98 g | 16 %"}],"tags":["Vegetarisch","Lactosefrei"]},
    {"url":"https://www.interspar.at/shop/lebensmittel/p/2020000454823","data":[{"key":"price","value":"2,99 €"},{"key":"oldPrice","value":"\n\t\t\t\t\t\n\t\t\t\t\t \n\t\t\t\t"},{"key":"pricePerUnit","value":"(16.61 €/kg)"},{"key":"productDetailsName","value":"Garden Gourmet - Vegetarisches Schnitzel 2 Stück - 180 G"},{"key":"detailsDescription","value":"180 G"},{"key":"articleNumber","value":"Artikelnummer: 2020000454823"},{"key":"Lagerhinweis:","value":["Gekühl bei bis zu +7°C lagern."]},{"key":"Zutaten:","value":["Zutaten: Trinkwasser, Brotkrumen (WEIZENMEHL, Wasser, Rapsöl, Hefe, Salz, Farbstoffe: Paprikaextrakt, Kurkumin), 8% pflanzliche Öle (Sonnenblume, Raps in veränderlichen Gewichtsanteilen), 7% SOJAEIWEISS, 6% WEIZENEIWEISS, HÜHNEREIEIWEISSPULVER, Maisstärke, Mayonnaise (Sonnenblumenöl, Essig, HÜHNEREIGELB, SENFKÖRNER, jodiertes Speisesalz (Speisesalz, Kaliumjodat), Zucker), Zitronenfaser, Hefeextrakt, WEIZENMEHL, Gewürze, Tomatenkonzentrat, Essig, Salz, Knoblauch. In Großbuchstaben angegebene Zutaten enthalten allergene Inhaltsstoffe."]},{"key":"Allergene:","value":["Kann Spuren enthalten von:Sellerie und daraus gewonnene Erzeugnisse, Sesamsamen und daraus gewonnene Erzeugnisse","Enthält:Eier und daraus gewonnene Erzeugnisse, Glutenhaltiges Getreide und daraus hergestellte Erzeugnisse, Senf und daraus gewonnene Erzeugnisse, Sojabohnen und daraus gewonnene Erzeugnisse"]},{"key":"Zubereitung:","value":["Braten mit wenig FettIn einer Pfanne mit etwas Öl 2-3 Minuten braten, zwischendurch wenden.","BackenIm Backofen für 5-6 Minuten bei 180°C backen, zwischendurch wenden."]},{"key":"Ursprungsland/Herkunftsort:","value":["Tschechische Republik"]},{"key":"Kontakt:","value":["Tivall Europe B.V.","Westerholter Str. 750-770, 45701 Herten, Deutschland","www.gardengourmet.de"]}],"nutritions":[{"key":"","value":"Unzubereitet"},{"key":" ","value":"100 g"},{"key":"Energie","value":"1032 kJ | 247 kcal"},{"key":"Fett","value":"12 g"},{"key":"Fett, davon gesättigte Fettsäuren","value":"1,3 g"},{"key":"Kohlenhydrate","value":"16 g"},{"key":"Kohlenhydrate, davon Zucker","value":"2,4 g"},{"key":"Ballaststoffe","value":"5,5 g"},{"key":"Eiweiß","value":"16 g"},{"key":"Salz","value":"1,3 g"},{"key":"","value":"Unzubereitet"},{"key":" ","value":"Portion (90 g)"},{"key":"Energie","value":"929 kJ | 222 kcal | 11 %"},{"key":"Fett","value":"11 g | 15 %"},{"key":"Fett, davon gesättigte Fettsäuren","value":"1,2 g | 6 %"},{"key":"Kohlenhydrate","value":"14 g | 6 %"},{"key":"Kohlenhydrate, davon Zucker","value":"2,2 g | 2 %"},{"key":"Ballaststoffe","value":"5 g"},{"key":"Eiweiß","value":"14 g | 29 %"},{"key":"Salz","value":"1,2 g | 20 %"}],"tags":["Vegetarisch","Vegan","Lactosefrei"]},
    {"url":"https://www.interspar.at/shop/lebensmittel/p/2020000521945","data":[{"key":"price","value":"2,49 €"},{"key":"oldPrice","value":"\n\t\t\t\t\t\n\t\t\t\t\t \n\t\t\t\t"},{"key":"pricePerUnit","value":"(6.23 €/kg)"},{"key":"productDetailsName","value":"Hilcona - Fettuccine - 400 G"},{"key":"detailsDescription","value":"400 G"},{"key":"articleNumber","value":"Artikelnummer: 2020000521945"},{"key":"Lagerhinweis:","value":["Gekühlt aufbewahren bei max. + 7 °C."]},{"key":"Zutaten:","value":["Zutaten: HARTWEIZENGRIESS 44%, Wasser, EIER 13%, Rapsöl, Speisesalz. In Großbuchstaben angegebene Zutaten enthalten allergene Inhaltsstoffe."]},{"key":"Allergene:","value":["Enthält:Eier und daraus gewonnene Erzeugnisse, Glutenhaltiges Getreide und daraus hergestellte Erzeugnisse"]},{"key":"Zubereitung:","value":["Braten mit wenig FettDie Fettuccine mit ein wenig Öl in der heissen Pfanne unter gelegentlichem Umrühren ca. 2 Minuten erwärmen.","Simmern/KöchelnFettuccine in kochendes, gesalzenes Wasser geben und 1 Minute ziehen lassen."]},{"key":"Identitätskennzeichen:","value":["CH 224"]},{"key":"Kontakt:","value":["Hilcona AG","Bendererstrasse 21, 9494 Schaan, Liechtenstein"]}],"nutritions":[{"key":"","value":"Unzubereitet"},{"key":" ","value":"100 g"},{"key":"Energie","value":"802 kJ | 190 kcal | 9 %"},{"key":"Fett","value":"4 g | 6 %"},{"key":"Fett, davon gesättigte Fettsäuren","value":"0,7 g | 4 %"},{"key":"Kohlenhydrate","value":"30 g | 12 %"},{"key":"Kohlenhydrate, davon Zucker","value":"1,6 g | 2 %"},{"key":"Ballaststoffe","value":"1,6 g"},{"key":"Eiweiß","value":"7,4 g | 15 %"},{"key":"Salz","value":"0,81 g | 12 %"},{"key":"","value":"Unzubereitet"},{"key":" ","value":"Portion (200 g)"},{"key":"Energie","value":"1604 kJ | 380 kcal | 19 %"},{"key":"Fett","value":"7,9 g | 11 %"},{"key":"Fett, davon gesättigte Fettsäuren","value":"1,4 g | 8 %"},{"key":"Kohlenhydrate","value":"61 g | 23 %"},{"key":"Kohlenhydrate, davon Zucker","value":"3,2 g | 4 %"},{"key":"Ballaststoffe","value":"3,2 g"},{"key":"Eiweiß","value":"15 g | 30 %"},{"key":"Salz","value":"1,6 g | 23 %"}],"tags":["Vegetarisch"]},
    {"url":"https://www.interspar.at/shop/lebensmittel/p/2020000521976","data":[{"key":"price","value":"2,99 €"},{"key":"oldPrice","value":"\n\t\t\t\t\t\n\t\t\t\t\t \n\t\t\t\t"},{"key":"pricePerUnit","value":"(4.98 €/kg)"},{"key":"productDetailsName","value":"Hilcona - Gnocchini - 600 G"},{"key":"detailsDescription","value":"600 G"},{"key":"articleNumber","value":"Artikelnummer: 2020000521976"},{"key":"Lagerhinweis:","value":["Gekühlt aufbewahren bei +4°C bis +7°C."]},{"key":"Zutaten:","value":["Zutaten: Kartoffelpüree 80% (Wasser, Kartoffelflocken [Kartoffeln, Curcumal], Kartoffelstärke 11%, EIER* 4%, HARTWEIZENGRIESS 2%, Speisesalz, Rapsöl. *aus Freilandhaltung. In Großbuchstaben angegebene Zutaten enthalten allergene Inhaltsstoffe.","Zutaten: Kartoffelpüree 80% (Wasser, Kartoffelflocken [Kartoffeln, Curcumal]), Kartoffelstärke 11%, EIER* 4%, HARTWEIZENGRIESS 2%, Speisesalz, Rapsöl. *aus Freilandhaltung. In Großbuchstaben angegebene Zutaten enthalten allergene Inhaltsstoffe."]},{"key":"Allergene:","value":["Kann Spuren enthalten von:Schwefeldioxid und Sulphite, Sojabohnen und daraus gewonnene Erzeugnisse","Enthält:Eier und daraus gewonnene Erzeugnisse, Eier und daraus gewonnene Erzeugnisse, Glutenhaltiges Getreide und daraus hergestellte Erzeugnisse"]},{"key":"","value":["ohne Konservierungsstoffeohne künstliche Aromen","ohne Konservierungsstoffeohne künstliche Aromen"]},{"key":"","value":["Frei von Aromen","Frei von Aromen"]},{"key":"Zubereitung:","value":["Braten in FettGnocchini in wenig heißer Bratbutter bei mittlerer Hitze unter gelegentlichem Wenden ca. 8 Min. goldbraun braten.","Braten in FettGnocchini in wenig heißer Bratbutter bei mittlerer Hitze unter gelegentlichem Wenden ca. 8 Min. goldbraun braten.","Simmern/KöchelnGnocchi in siedendes Wasser geben, Hitze reduzieren, ca. 3 Min. ziehen lassen, abtropfen. Mit Olivenöl oder Butter und geriebenem Parmesan servieren."]},{"key":"Verbrauchen nach dem Öffnen:","value":["2 Tage"]},{"key":"Kontakt:","value":["Hilcona AG","Bendererstraße 21, 9494 Schaan, Liechtenstein"]}],"nutritions":[],"tags":[]},
    {"url":"https://www.interspar.at/shop/lebensmittel/p/2020000586678","data":[{"key":"price","value":"1,99 €"},{"key":"oldPrice","value":"\n\t\t\t\t\t\n\t\t\t\t\tstatt 2,99 €\n\t\t\t\t"},{"key":"pricePerUnit","value":"(4.98 €/kg)"},{"key":"productDetailsName","value":"SPAR Feine Küche - Krautfleckerl - 400 G"},{"key":"detailsDescription","value":"400 G"},{"key":"articleNumber","value":"Artikelnummer: 2020000586678"},{"key":"Lagerhinweis:","value":["Gekühlt bei +2°C bis +5°C lagern."]},{"key":"Zutaten:","value":["Zutaten: Wasser, Zwiebeln, Weißkraut, HARTWEIZENGRIESS, VOLLEI, Gewürzextrakte, pflanzliche Öle (Raps, Sonnenblumen), Speisesalz jodiert (Speisesalz, Kaliumjodid), Zucker, natürliches Aroma, Gewürze, Karamellzuckersirup, Maisstärke, Karottenpulver. In Großbuchstaben angegebene Zutaten enthalten allergene Inhaltsstoffe."]},{"key":"Allergene:","value":["Enthält:Eier und daraus gewonnene Erzeugnisse, Glutenhaltiges Getreide und daraus hergestellte Erzeugnisse"]},{"key":"","value":["Ohne GeschmacksverstärkerFrei von Farbstoffen**lt. VO (EU) Nr. 1333/2008"]},{"key":"","value":["Ohne Konservierungsstoffe"]},{"key":"Zubereitung:","value":["Zubereitung in der MikrowellePackungsfolie mit einer Gabel mehrfach einstechen. Die geschlossene Schale ca. 4-5 Minuten bei 600 Watt erhitzen. Kurz ruhen lassen, die Folie abziehen, anrichten und genießen.","Unter Rühren kurz anbratenDie Krautfleckerl in eine heiße Pfanne geben, 2 Esslöffel Wasser hinzugeben und bei mittlerer Hitze unter häufigem Umrühren ca. 2-3 Minuten erhitzen."]},{"key":"Identitätskennzeichen:","value":["AT 30733 EG"]},{"key":"Ursprungsland/Herkunftsort:","value":["hergestellt in Österreich"]},{"key":"Kontakt:","value":["SPAR Österr. Warenhandels-AG","Europastraße 3, 5015 Salzburg, Österreich"]}],"nutritions":[{"key":" ","value":"100 g"},{"key":"","value":"Unzubereitet"},{"key":"Energie","value":"709 kJ | 169 kcal"},{"key":"Fett","value":"6,5 g"},{"key":"Fett, davon gesättigte Fettsäuren","value":"0,8 g"},{"key":"Kohlenhydrate","value":"22 g"},{"key":"Kohlenhydrate, davon Zucker","value":"3,8 g"},{"key":"Ballaststoffe","value":"2,7 g"},{"key":"Eiweiß","value":"4,3 g"},{"key":"Salz","value":"1,3 g"},{"key":"Broteinheiten","value":"1,8 BE"},{"key":" ","value":"Portion (400 g)"},{"key":"","value":"Unzubereitet"},{"key":"Energie","value":"2837 kJ | 676 kcal | 34 %"},{"key":"Fett","value":"26 g | 37 %"},{"key":"Fett, davon gesättigte Fettsäuren","value":"3,2 g | 16 %"},{"key":"Kohlenhydrate","value":"88 g"},{"key":"Kohlenhydrate, davon Zucker","value":"15 g | 17 %"},{"key":"Ballaststoffe","value":"11 g"},{"key":"Eiweiß","value":"17 g"},{"key":"Salz","value":"5,2 g | 85 %"},{"key":"Broteinheiten","value":"7,3 BE"}],"tags":[]},
    {"url":"https://www.interspar.at/shop/lebensmittel/p/2020000586739","data":[{"key":"price","value":"1,99 €"},{"key":"oldPrice","value":"\n\t\t\t\t\t\n\t\t\t\t\tstatt 2,99 €\n\t\t\t\t"},{"key":"pricePerUnit","value":"(4.98 €/kg)"},{"key":"productDetailsName","value":"SPAR Feine Küche - Schinkenfleckerl - 400 G"},{"key":"detailsDescription","value":"400 G"},{"key":"articleNumber","value":"Artikelnummer: 2020000586739"},{"key":"Lagerhinweis:","value":["Gekühlt lagern bei +2°C bis +5°C."]},{"key":"Zutaten:","value":["Zutaten: Wasser, Zwiebeln, HARTWEIZENGRIESS, Schweinefleisch 13%, EI, Gewürzextrakte, Rapsöl, Speisesalz jodiert (Speisesalz, Kaliumjodid), Gewürze, natürliches Aroma, Speisesalz, Konservierungsstoff: Natriumnitrit, Stabilisator: Triphosphate, Antioxidationsmittel: Natriumascorbat. In Großbuchstaben angegebene Zutaten enthalten allergene Inhaltsstoffe."]},{"key":"Allergene:","value":["Enthält:Eier und daraus gewonnene Erzeugnisse, Glutenhaltiges Getreide und daraus hergestellte Erzeugnisse"]},{"key":"","value":["Ohne GeschmacksversärkerFrei von Farbstoffen**lt. Verordnung"]},{"key":"Zubereitung:","value":["Unter Rühren kurz anbratenDie Schinkenfleckerl in eine heiße Pfanne geben, 2 Esslöffel Wasser hinzugeben und bei mittlerer Hitze unter häufigem Umrühren ca. 2-3 Minuten erhitzen.","Zubereitung in der MikrowellePackungsfolie mit einer Gabel mehrfach einstechen. Die geschlossene Schale ca. 4-5  Minuten bei 600 Watt erhitzen. Kurz ruhen lassen, die Folie abziehen, anrichten und genießen."]},{"key":"Identitätskennzeichen:","value":["AT 30733 EG"]},{"key":"Ursprungsland/Herkunftsort:","value":["hergestellt in Österreich"]},{"key":"Kontakt:","value":["SPAR Österr. Warenhandels-AG","Europastraße 3, 5015 Salzburg, Österreich"]}],"nutritions":[{"key":"","value":"Unzubereitet"},{"key":" ","value":"100 g"},{"key":"Energie","value":"655 kJ | 156 kcal"},{"key":"Fett","value":"5,6 g"},{"key":"Fett, davon gesättigte Fettsäuren","value":"1 g"},{"key":"Kohlenhydrate","value":"19 g"},{"key":"Kohlenhydrate, davon Zucker","value":"1,8 g"},{"key":"Ballaststoffe","value":"1,8 g"},{"key":"Eiweiß","value":"6,1 g"},{"key":"Salz","value":"1,5 g"},{"key":"Broteinheiten","value":"1,6 BE"},{"key":"","value":"Unzubereitet"},{"key":" ","value":"Portion (400 g)"},{"key":"Energie","value":"2620 kJ | 624 kcal | 31 %"},{"key":"Fett","value":"22 g | 32 %"},{"key":"Fett, davon gesättigte Fettsäuren","value":"4 g | 20 %"},{"key":"Kohlenhydrate","value":"78 g"},{"key":"Kohlenhydrate, davon Zucker","value":"7,2 g | 8 %"},{"key":"Ballaststoffe","value":"7,2 g"},{"key":"Eiweiß","value":"24 g"},{"key":"Salz","value":"6 g | 100 %"},{"key":"Broteinheiten","value":"6,5 BE"}],"tags":[]},
    {"url":"https://www.interspar.at/shop/lebensmittel/p/2020000735687","data":[{"key":"price","value":"2,49 €"},{"key":"oldPrice","value":"\n\t\t\t\t\t\n\t\t\t\t\t \n\t\t\t\t"},{"key":"pricePerUnit","value":"(8.89 €/kg)"},{"key":"productDetailsName","value":"SPAR Veggie - Tajine mit Hülsenfrüchten & grünem Curry - 280 G"},{"key":"detailsDescription","value":"280 G"},{"key":"articleNumber","value":"Artikelnummer: 2020000735687"},{"key":"Lagerhinweis:","value":["Vor dem Öffnen gut schütteln. Vor und nach dem Öffnen gekühlt lagern und nach dem Öffnen innerhalb von 2 Tagen verbrauchen."]},{"key":"Zutaten:","value":["Zutaten: Wasser, Kokosmilch (Kokosnussextrakt 60%, Wasser), 7,3% Rote Linsen, 7,3% Belugalinsen, 7,3% Rote Bohnen, 7,3% Schwarze Bohnen, 7,3% Mungobohnen, Äpfel, Ananas, Bananen, Koriander, Gemüse-Bouillon (Gekörnte Brühe [Würze, Salz, Sonnenblumenöl], Gewürzextrakte, Stärke, Zucker, Gewürze, Shiitakepilze, Tomate, Aroma, Karotte], Zitronengras, 0,24% Grüne Curry-Paste (36% Grüne Chilischoten, Zitronengras, Knoblauch, Salz, Schalotten, Galgant, Kreuzkümmelpulver, Limettenschale, Koriandersamen), 0,20% Curry-Pulver (Koriander, Kurkuma, Zimt, Bockshornkleesaat, Kreuzkümmel, Kardamom, Ingwer, Paprika, Piment, Muskat, Nelken, Pfeffer), Maisstärke, Kurkuma, Zucker, Masala Gewürzsalz [Steinsalz, Gewürze (Bockshornklee, Szechuan Pfeffer, Ingwer, Koriander, Pfeffer, Kreuzkümmel, Kardamom)], Ingwer, Speisesalz unjodiert, 0,03% Chili."]},{"key":"Zubereitung:","value":["Erhitzen und servierenBesonders empfehlenswert im Kochtopf bei mittlerer Hitze ca. 4 Minuten unter ständigem Rühren erwärmen.","Zubereitung in der MikrowelleZiehen Sie die Kartonschleife ab, öffnen Sie den Deckel und legen Sie diesen lose auf den Rand, dann bei 600 Watt 4-5 Minuten erhitzen, danach noch kurz umrühren und genießen. Vorsicht, der Becher wird heiß!"]},{"key":"Ursprungsland/Herkunftsort:","value":["Sorgfältig hergestellt in Österreich"]},{"key":"Kontakt:","value":["SPAR Österr. Warenhandels-AG","Europastraße 3, 5015 Salzburg, Österreich"]}],"nutritions":[{"key":" ","value":"100 g"},{"key":"","value":"Unzubereitet"},{"key":"Energie","value":"363 kJ | 87 kcal"},{"key":"Fett","value":"2,1 g"},{"key":"Fett, davon gesättigte Fettsäuren","value":"1,5 g"},{"key":"Kohlenhydrate","value":"12 g"},{"key":"Kohlenhydrate, davon Zucker","value":"2,4 g"},{"key":"Ballaststoffe","value":"3,9 g"},{"key":"Eiweiß","value":"3,5 g"},{"key":"Salz","value":"0,7 g"},{"key":"Broteinheiten","value":"1 BE"}],"tags":[]},
    {"url":"https://www.interspar.at/shop/lebensmittel/p/2020000735700","data":[{"key":"price","value":"2,49 €"},{"key":"oldPrice","value":"\n\t\t\t\t\t\n\t\t\t\t\t \n\t\t\t\t"},{"key":"pricePerUnit","value":"(8.89 €/kg)"},{"key":"productDetailsName","value":"SPAR Veggie - Kichererbsen & Bohnen in Tomatensauce - 280 G"},{"key":"detailsDescription","value":"280 G"},{"key":"articleNumber","value":"Artikelnummer: 2020000735700"},{"key":"Lagerhinweis:","value":["Vor dem Öffnen gut schütteln. Vor und nach dem Öffnen gekühlt lagern und nach dem Öffnen innerhalb von 2 Tagen verbrauchen."]},{"key":"Zutaten:","value":["Zutaten: 28% Tomaten gehackt, Trinkwasser, 15% Tomatensaft, 10,7% Rote Bohnen, 10,7% Weiße Bohnen, 10,7% Kichererbsen, Kreuzkümmel, Zwiebel, Knoblauch, Gemüse-Bouillon (Gekörnte Brühe [Würze, Salz, Sonnenblumenöl], Gewürzextrakte, Stärke, Zucker, Gewürze, Shiitakepilze, Tomate, Aroma, Karotte), Maisstärke, Rote Curry Paste (Getrocknete rote Chilischoten, Zitronengras, Knoblauch, Schalotten, Salz, Galgant, Koriandersamen, Korianderwurzel, Kaffir-Limettenschale, Kreuzkümmel)."]},{"key":"Zubereitung:","value":["Zubereitung in der MikrowelleZiehen Sie die Kartonschleife ab, öffnen Sie den Deckel und legen Sie den Rand, dann bei 600 Watt bei 4-5 Minuten erhitzen, danach noch kurz umrühren und genießen. Vorsicht, der Becher wird heiß!","Erhitzen und servierenBesonders empfehlenswert im Kochtopf bei mittlerer Hitze ca. 4 Minuten unter ständigem Rühren erwärmen."]},{"key":"Ursprungsland/Herkunftsort:","value":["Sorgfältig hergestellt in Österreich"]},{"key":"Verbrauchen nach dem Öffnen:","value":["2 Tage"]},{"key":"Kontakt:","value":["SPAR Österr. Warenhandels-AG","Europastraße 3, 5015 Salzburg, Österreich"]}],"nutritions":[{"key":" ","value":"100 g"},{"key":"","value":"Unzubereitet"},{"key":"Energie","value":"280 kJ | 66 kcal"},{"key":"Fett","value":"0,8 g"},{"key":"Fett, davon gesättigte Fettsäuren","value":"0,1 g"},{"key":"Kohlenhydrate","value":"9,6 g"},{"key":"Kohlenhydrate, davon Zucker","value":"1,8 g"},{"key":"Ballaststoffe","value":"2,8 g"},{"key":"Eiweiß","value":"3,8 g"},{"key":"Salz","value":"0,6 g"},{"key":"Broteinheiten","value":"0,8 BE"}],"tags":["Vegan"]},
    {"url":"https://www.interspar.at/shop/lebensmittel/p/2020000735892","data":[{"key":"price","value":"3,99 €"},{"key":"oldPrice","value":"\n\t\t\t\t\t\n\t\t\t\t\t \n\t\t\t\t"},{"key":"pricePerUnit","value":"(22.17 €/kg)"},{"key":"productDetailsName","value":"Nature Gourmet Gourmet Veggie - Grillsteack Pfeffer 2 Stück - 180 G"},{"key":"detailsDescription","value":"180 G"},{"key":"articleNumber","value":"Artikelnummer: 2020000735892"},{"key":"Lagerhinweis:","value":["Bei unter +7°C mindestens haltbar bis: siehe Verpackung"]},{"key":"Zutaten:","value":["Zutaten: WEIZENPROTEINE 41%, SOJAPROTEINE 40%, Rapsöl, Streuwürze (Meersalz, Gewürze, Sonnenblumenöl), WEIZENFASERN, Paprikaflocken, Verdickungsmittel: Methylcellulose, Gewürze, Kochsalz, SELLERIEKNOLLENPULVER, Erbsenfasern, Pfeffer 0,7%, Kräuter, Zwiebeln, Reismehl, Maisstärke. Alle in Großbuchstaben angegebene Zutaten enthalten allergene Inhaltsstoffe."]},{"key":"Allergene:","value":["Enthält:Glutenhaltiges Getreide und daraus hergestellte Erzeugnisse, Sellerie und daraus gewonnene Erzeugnisse, Sojabohnen und daraus gewonnene Erzeugnisse"]},{"key":"","value":["Ohne Geschmacksverstärker"]},{"key":"","value":["Ohne Konservierungsstoffe"]},{"key":"Zubereitung:","value":["Braten mit wenig FettBratpfanne: Bei mittlerer Hitze in wenig Öl jede Seite ca. 2-3 Minuten braten.","Grillen mit indirekter HitzeGrill: Mit Pflanzenöl bestreichen und auf dem vorgeheizten Grill auf jeder Seite ca. 2-3 Minuten grillen.","BackenBackofen: Im auf 180°C vorgeheizten Backofen ca. 8-12 Minuten garen."]},{"key":"Zusatztext:","value":["Köstlich.Vegetarisch.Schnell."]},{"key":"Ursprungsland/Herkunftsort:","value":["Hergestellt in der Schweiz"]},{"key":"Verwendungshinweis:","value":["Aufgetautes Produkt, pasteurisiert. Die besondere Saftigkeit von Nature Gourmet wird unter anderem durch das Frosten während des Herstellungsprozesses erzielt."]},{"key":"Kontakt:","value":["Orior Deutschland GmbH","Kennedyallee 93, 60596 Frankfurt am Main, Deutschland"]}],"nutritions":[{"key":"","value":"Unzubereitet"},{"key":" ","value":"100 g"},{"key":"Energie","value":"760 kJ | 181 kcal"},{"key":"Fett","value":"7 g"},{"key":"Fett, davon gesättigte Fettsäuren","value":"0,5 g"},{"key":"Kohlenhydrate","value":"6 g"},{"key":"Kohlenhydrate, davon Zucker","value":"3 g"},{"key":"Eiweiß","value":"21 g"},{"key":"Salz","value":"1,6 g"}],"tags":["Vegan"]},
    {"url":"https://www.interspar.at/shop/lebensmittel/p/2020000735991","data":[{"key":"price","value":"2,99 €"},{"key":"oldPrice","value":"\n\t\t\t\t\t\n\t\t\t\t\t \n\t\t\t\t"},{"key":"pricePerUnit","value":"(19.93 €/kg)"},{"key":"productDetailsName","value":"Nature Gourmet Gourmet Veggie - Nuggets - 150 G"},{"key":"detailsDescription","value":"150 G"},{"key":"articleNumber","value":"Artikelnummer: 2020000735991"},{"key":"Lagerhinweis:","value":["Nach dem Öffnen kühl lagern und innerhalb von zwei Tagen aufbrauchen."]},{"key":"Zutaten:","value":["Zutaten: SOJAEIWEISS (25%), WEIZENMEHL, WEIZENEIWEISS (22%), Trinkwasser, Sonnenblumenöl, Speisesalz, Gewürze, WEIZENFASER, Verdickungsmittel: Methylcellulose, Zwiebeln, Erbsenfasern, Maisstärke, Zucker, Hefe, Maissirup, Kräuter, Maltodextrin. In Großbuchstaben angegebene Zutaten enthalten allergene Inhaltsstoffe."]},{"key":"Allergene:","value":["Enthält:Glutenhaltiges Getreide und daraus hergestellte Erzeugnisse, Sojabohnen und daraus gewonnene Erzeugnisse"]},{"key":"","value":["Ohne Konservierungsstoffe oder Geschmacksverstärker"]},{"key":"Zubereitung:","value":["Braten mit wenig FettBei mittlerer Hitze in wenig Öl unter mehrmaligem Wenden ca. 2-3 Minuten braten.","BackenIm auf 180°C vorgeheizten Ofen ca. 8-12 Minuten garen."]},{"key":"Ursprungsland/Herkunftsort:","value":["Deutschland"]},{"key":"Verbrauchen nach dem Öffnen:","value":["2 Tage"]},{"key":"Kontakt:","value":["Nature Gourmet","54578 Wiesbaum, Deutschland"]}],"nutritions":[{"key":"","value":"Unzubereitet"},{"key":" ","value":"100 g"},{"key":"Energie","value":"1170 kJ | 279 kcal"},{"key":"Fett","value":"15 g"},{"key":"Fett, davon gesättigte Fettsäuren","value":"1,5 g"},{"key":"Kohlenhydrate","value":"15 g"},{"key":"Kohlenhydrate, davon Zucker","value":"2 g"},{"key":"Eiweiß","value":"19 g"},{"key":"Salz","value":"1,7 g"}],"tags":["Vegetarisch"]},
    {"url":"https://www.interspar.at/shop/lebensmittel/p/2020000736035","data":[{"key":"price","value":"3,99 €"},{"key":"oldPrice","value":"\n\t\t\t\t\t\n\t\t\t\t\t \n\t\t\t\t"},{"key":"pricePerUnit","value":"(19.95 €/kg)"},{"key":"productDetailsName","value":"Nature Gourmet Gourmet Veggie - Schnitzel Wiener Art 2 Stück - 200 G"},{"key":"detailsDescription","value":"200 G"},{"key":"articleNumber","value":"Artikelnummer: 2020000736035"},{"key":"Lagerhinweis:","value":["Bei unter +7°C mindestens haltbar bis: siehe Verpackung"]},{"key":"Zutaten:","value":["Zutaten: WEIZENPROTEINE 29%, SOJAPROTEINE 28%, WEIZENMEHL, Wasser, Rapsöl, STREUWÜRZE (enthält SELLERIE), WEIZENSTÄRKE modifiziert, WEIZENFASERN, Verdickungsmittel: Methylcellulose, Glucosesirup, Erbsenfasern, Kochsalz jodiert, Maisstärke, Würzmischung: Hefe, Würze. In Großbuchstaben angegebene Zutaten enthalten allergene Inhaltsstoffe."]},{"key":"Allergene:","value":["Enthält:Glutenhaltiges Getreide und daraus hergestellte Erzeugnisse, Sellerie und daraus gewonnene Erzeugnisse, Sojabohnen und daraus gewonnene Erzeugnisse"]},{"key":"","value":["Ohne Geschmacksverstärker"]},{"key":"","value":["Ohne Konservierungsstoffe"]},{"key":"Zubereitung:","value":["Braten mit wenig FettBratpfanne: Bei mittlerer Hitze in etwas Öl unter mehrmaligem Wenden ca. 4-5 Minuten braten.","BackenBackofen: Im auf 180°C vorgeheizten Backofen ca. 5-6 Minuten garen."]},{"key":"Zusatztext:","value":["Köstlich.Vegetarisch.Schnell."]},{"key":"Ursprungsland/Herkunftsort:","value":["Hergestellt in der Schweiz"]},{"key":"Verwendungshinweis:","value":["Aufgetautes Produkt, pasteurisiert. Die besondere Saftigkeit von Nature Gourmet wird unter anderem durhc das Frosten währen des Herstellungsprozesses erzielt. Deshalb Produkt nach Kauf nicht einfrieren."]},{"key":"Kontakt:","value":["Orior Deutschland GmbH","Kennedyallee 93, 60596 Frankfurt am Main, Deutschland"]}],"nutritions":[{"key":"","value":"Unzubereitet"},{"key":" ","value":"100 g"},{"key":"Energie","value":"1160 kJ | 277 kcal"},{"key":"Fett","value":"13 g"},{"key":"Fett, davon gesättigte Fettsäuren","value":"0,9 g"},{"key":"Kohlenhydrate","value":"20 g"},{"key":"Kohlenhydrate, davon Zucker","value":"2,5 g"},{"key":"Eiweiß","value":"18 g"},{"key":"Salz","value":"1,3 g"}],"tags":["Vegan"]},
    {"url":"https://www.interspar.at/shop/lebensmittel/p/2020000736677","data":[{"key":"price","value":"2,99 €"},{"key":"oldPrice","value":"\n\t\t\t\t\t\n\t\t\t\t\t \n\t\t\t\t"},{"key":"pricePerUnit","value":"(19.93 €/kg)"},{"key":"productDetailsName","value":"Wilmersburger - Scheiben Würzig - 150 G"},{"key":"detailsDescription","value":"150 G"},{"key":"articleNumber","value":"Artikelnummer: 2020000736677"},{"key":"Lagerhinweis:","value":["Bei +2°C bis +8°C lagern. Nach dem Öffnen rasch verzehren."]},{"key":"Zutaten:","value":["Zutaten: Wasser, Kokosöl (24%), modifizierte Stärke, Stärke, Meersalz, Aromen, Säureregulator: Citronensäure, Konservierungsstoff: Sorbinsäure, Farbstoff: Beta-Carotin."]},{"key":"Allergene:","value":["Kann Spuren enthalten von:Sellerie und daraus gewonnene Erzeugnisse"]},{"key":"","value":["Frei von Milch","Glutenfrei","Frei von Soja"]},{"key":"Kontakt:","value":["Vekontor HGmbH","Kalker Hauptstraße 296, 51103 Köln, Deutschland"]}],"nutritions":[{"key":"","value":"Unzubereitet"},{"key":" ","value":"100 g"},{"key":"Energie","value":"1250 kJ | 301 kcal"},{"key":"Fett","value":"24 g"},{"key":"Fett, davon gesättigte Fettsäuren","value":"20 g"},{"key":"Kohlenhydrate","value":"20 g"},{"key":"Kohlenhydrate, davon Zucker","value":"0 g"},{"key":"Eiweiß","value":"0,9 g"},{"key":"Salz","value":"2,3 g"}],"tags":["Vegan","Glutenfrei"]},
    {"url":"https://www.interspar.at/shop/lebensmittel/p/2020000736790","data":[{"key":"price","value":"2,99 €"},{"key":"oldPrice","value":"\n\t\t\t\t\t\n\t\t\t\t\t \n\t\t\t\t"},{"key":"pricePerUnit","value":"(19.93 €/kg)"},{"key":"productDetailsName","value":"Wilmersburger - Scheiben Cheddar-Style - 150 G"},{"key":"detailsDescription","value":"150 G"},{"key":"articleNumber","value":"Artikelnummer: 2020000736790"},{"key":"Lagerhinweis:","value":["Bei +2°C bis +8°C lagern. Nach dem Öffnen rasch verzehren."]},{"key":"Zutaten:","value":["Zutaten: Wasser, Kokosöl (22%), modifizierte Stärke, Stärke, Meersalz, Aromen, Säureregulator: Citronensäure, Konservierungsstoff: Sorbinsäure, Farbstoffe: Paprikaextrakt, Beta-Carotin."]},{"key":"","value":["Frei von Soja","Glutenfrei","Frei von Milch"]},{"key":"Kontakt:","value":["Vekontor HGmbH","Kalker Hauptstraße 296, 51103 Köln, Deutschland"]}],"nutritions":[{"key":"","value":"Unzubereitet"},{"key":" ","value":"100 g"},{"key":"Energie","value":"1184 kJ | 285 kcal"},{"key":"Fett","value":"22 g"},{"key":"Fett, davon gesättigte Fettsäuren","value":"20 g"},{"key":"Kohlenhydrate","value":"22 g"},{"key":"Kohlenhydrate, davon Zucker","value":"0 g"},{"key":"Eiweiß","value":"0 g"},{"key":"Salz","value":"2,3 g"}],"tags":["Vegan","Glutenfrei"]},
    {"url":"https://www.interspar.at/shop/lebensmittel/p/2020000736943","data":[{"key":"price","value":"3,79 €"},{"key":"oldPrice","value":"\n\t\t\t\t\t\n\t\t\t\t\t \n\t\t\t\t"},{"key":"pricePerUnit","value":"(12.63 €/kg)"},{"key":"productDetailsName","value":"Wilmersburger - Pizzaschmelz - 300 G"},{"key":"detailsDescription","value":"300 G"},{"key":"articleNumber","value":"Artikelnummer: 2020000736943"},{"key":"Lagerhinweis:","value":["Bei +2°C bis +8°C lagern. Nach dem Öffnen rasch verzehren."]},{"key":"Zutaten:","value":["Zutaten: Wasser, Kokosöl (25%), modifizierte Stärke, Salz, Säureregulator: Natriumcitrate, Citronensäure, Aroma, Farbstoff: Beta-Carotin, Trennmittel: Kartoffelstärke."]},{"key":"","value":["Frei von Milch","Frei von Soja","Glutenfrei"]},{"key":"Kontakt:","value":["Vekontor HGmbH","Kalker Hauptstraße 296, 51103 Köln, Deutschland"]}],"nutritions":[{"key":"","value":"Unzubereitet"},{"key":" ","value":"100 g"},{"key":"Energie","value":"1316 kJ | 317 kcal"},{"key":"Fett","value":"25 g"},{"key":"Fett, davon gesättigte Fettsäuren","value":"22 g"},{"key":"Kohlenhydrate","value":"23 g"},{"key":"Kohlenhydrate, davon Zucker","value":"0 g"},{"key":"Eiweiß","value":"0 g"},{"key":"Salz","value":"2 g"}],"tags":["Vegan","Glutenfrei"]},
    {"url":"https://www.interspar.at/shop/lebensmittel/p/2020000747109","data":[{"key":"price","value":"3,49 €"},{"key":"oldPrice","value":"\n\t\t\t\t\t\n\t\t\t\t\t \n\t\t\t\t"},{"key":"pricePerUnit","value":"(7.76 €/kg)"},{"key":"productDetailsName","value":"Küchenbrüder - Frische Bio Tomatensuppe mit Basilikum - 450 G"},{"key":"detailsDescription","value":"450 G"},{"key":"articleNumber","value":"Artikelnummer: 2020000747109"},{"key":"Lagerhinweis:","value":["Bei max. +7°C lagern. Nach dem Öffnen im Kühlschrank aufbewahren und binnen 2 Tagen verzehren."]},{"key":"Zutaten:","value":["Zutaten: Trinkwasser, Tomaten*(23%), Tomatenmark*(6%), Reis*, Zwiebel*, Rübenzucker*, Basilikum*(1%), Meersalz, Knoblauch*. *aus kontrolliert ökologischem Anbau."]},{"key":"","value":["ohne Zusatzstoffe"]},{"key":"","value":["Laktosefrei","Glutenfrei"]},{"key":"Zubereitung:","value":["Zubereitung in der MikrowelleZur Erhitzung den Deckel öffnen, abnehmen und locker auf den Becher legen. Bei ca. 600 Watt 5 Min. erhitzen. Nach 2 Min. und zum Schluss nochmals kurz rühren.","Erhitzen und servierenIm Topf: Unter ständigem Umrühren langsam erhitzen."]},{"key":"Bio-Kontrollstelle:","value":["DE-ÖKO-006"]},{"key":"Ökoherkunft:","value":["EU-/Nicht-EU-Landwirtschaft"]},{"key":"Verbrauchen nach dem Öffnen:","value":["2 Tage"]},{"key":"Verwendungshinweis:","value":["Achtung. Becher wird heiß!"]},{"key":"Kontakt:","value":["Tress Lebensmittel GmbH & Co.KG","Aichelauer Straße 6, 72534 Hayingen, Deutschland"]}],"nutritions":[{"key":"","value":"Unzubereitet"},{"key":" ","value":"100 ml"},{"key":"Energie","value":"169 kJ | 40 kcal"},{"key":"Fett","value":"0,1 g"},{"key":"Fett, davon gesättigte Fettsäuren","value":"< 0,1 g"},{"key":"Kohlenhydrate","value":"8,2 g"},{"key":"Kohlenhydrate, davon Zucker","value":"1,4 g"},{"key":"Eiweiß","value":"1 g"},{"key":"Salz","value":"1,2 g"}],"tags":["Bio","Vegan","Glutenfrei","Lactosefrei"]},
    {"url":"https://www.interspar.at/shop/lebensmittel/p/2020000747123","data":[{"key":"price","value":"3,99 €"},{"key":"oldPrice","value":"\n\t\t\t\t\t\n\t\t\t\t\t \n\t\t\t\t"},{"key":"pricePerUnit","value":"(10.50 €/kg)"},{"key":"productDetailsName","value":"Küchenbrüder - Veganes Bio Chili sin Carne - 380 G"},{"key":"detailsDescription","value":"380 G"},{"key":"articleNumber","value":"Artikelnummer: 2020000747123"},{"key":"Lagerhinweis:","value":["Bei max. +7°C lagern. Nach dem Öffnen im Kühlschrank aufbewahren und binnen 2 Tagen verzehren."]},{"key":"Zutaten:","value":["Zutaten: Tomaten*(36%), Wasser, Kidneybohnen*(6%), DINKELSCHROT*, Zwiebeln*, Mais*(5%), Erbsen*(5%), Tomatenmark*(4%), Karotten*, Basilikum*, Sonnenblumenöl*, Meersalz, Knoblauch*, Zitronenöl*(Olivenöl*(99%), Auszüge aus Zitronen*(1%)), Chili*(0,04%). *aus kontrolliert ökologischem Anbau. In Großbuchstaben angegebene Zutaten enthalten allergene Inhaltsstoffe."]},{"key":"Allergene:","value":["Enthält:Glutenhaltiges Getreide und daraus hergestellte Erzeugnisse"]},{"key":"","value":["ohne jegliche Zusatz- und Konservierungsstoffe"]},{"key":"","value":["Laktosefrei"]},{"key":"Zubereitung:","value":["Zubereitung in der MikrowelleZur Erhitzung den Deckel öffnen und locker auf den Becher legen. Bei ca. 600 Watt 5 Min. erhitzen.","Erhitzen und servierenIm Topf: Unter ständigem Umrühren langsam erhitzen."]},{"key":"Bio-Kontrollstelle:","value":["DE-ÖKO-006"]},{"key":"Ökoherkunft:","value":["EU-/Nicht-EU-Landwirtschaft"]},{"key":"Verbrauchen nach dem Öffnen:","value":["2 Tage"]},{"key":"Verwendungshinweis:","value":["Öffnen - Am Rand des Bechers befindet sich eine Lasche, diese aufbrechen und den Deckel vorsichtig abnehmen.Achtung. Becher wird heiß!"]},{"key":"Kontakt:","value":["Tress Lebensmittel GmbH & Co.KG","Aichelauer Straße 6, 72534 Hayingen, Deutschland"]}],"nutritions":[{"key":"","value":"Unzubereitet"},{"key":" ","value":"100 g"},{"key":"Energie","value":"320 kJ | 76 kcal"},{"key":"Fett","value":"2,8 g"},{"key":"Fett, davon gesättigte Fettsäuren","value":"0,4 g"},{"key":"Kohlenhydrate","value":"8,7 g"},{"key":"Kohlenhydrate, davon Zucker","value":"3 g"},{"key":"Eiweiß","value":"2,8 g"},{"key":"Salz","value":"1,6 g"}],"tags":["Bio","Vegan","Lactosefrei"]},
    {"url":"https://www.interspar.at/shop/lebensmittel/p/2020000747154","data":[{"key":"price","value":"3,99 €"},{"key":"oldPrice","value":"\n\t\t\t\t\t\n\t\t\t\t\t \n\t\t\t\t"},{"key":"pricePerUnit","value":"(10.50 €/kg)"},{"key":"productDetailsName","value":"Küchenbrüder - Veganer Süsskartoffel Eintopf - 380 G"},{"key":"detailsDescription","value":"380 G"},{"key":"articleNumber","value":"Artikelnummer: 2020000747154"},{"key":"Lagerhinweis:","value":["Bei max. +7°C lagern. Nach dem Öffnen im Kühlschrank aufbewahren und binnen 2 Tagen verzehren."]},{"key":"Zutaten:","value":["Zutaten: Wasser, Süßkartoffeln*(30%), Kichererbsen*(13%), Kokosmilch* (Kokosnusskern*(57%), Wasser), Karotten*(2%), Zwiebeln*, Lauch*, Rohrzucker*, Maisstärke*, Meersalz, Apfelessig*, Gewürze*. *aus kontrolliert ökologischem Anbau."]},{"key":"","value":["ohne Zusatzstoffe"]},{"key":"","value":["Glutenfrei","Laktosefrei"]},{"key":"Zubereitung:","value":["Erhitzen und servierenIm Topf: Unter ständigem Umrühren langsam erhitzen.","Zubereitung in der MikrowelleZur Erhitzung den Deckel öffnen und locker auf den Becher legen. Bei ca. 600 Watt 5 Min. erhitzen."]},{"key":"Bio-Kontrollstelle:","value":["DE-ÖKO-006"]},{"key":"Ökoherkunft:","value":["EU-/Nicht-EU-Landwirtschaft"]},{"key":"Verbrauchen nach dem Öffnen:","value":["2 Tage"]},{"key":"Verwendungshinweis:","value":["Öffnen - Am Rand des Bechers befindet sich eine Lasche, diese aufbrechen und den Deckel vorsichtig abnehmen.Achtung. Becher wird heiß!"]},{"key":"Kontakt:","value":["Tress Lebensmittel GmbH & Co.KG","Aichelauer Straße 6, 72534 Hayingen, Deutschland"]}],"nutritions":[{"key":"","value":"Unzubereitet"},{"key":" ","value":"100 g"},{"key":"Energie","value":"326 kJ | 79 kcal"},{"key":"Fett","value":"2,4 g"},{"key":"Fett, davon gesättigte Fettsäuren","value":"0,1 g"},{"key":"Kohlenhydrate","value":"12,4 g"},{"key":"Kohlenhydrate, davon Zucker","value":"1,9 g"},{"key":"Eiweiß","value":"2 g"},{"key":"Salz","value":"0,6 g"}],"tags":["Bio","Vegan","Lactosefrei"]},
    {"url":"https://www.interspar.at/shop/lebensmittel/p/2020000747208","data":[{"key":"price","value":"3,99 €"},{"key":"oldPrice","value":"\n\t\t\t\t\t\n\t\t\t\t\t \n\t\t\t\t"},{"key":"pricePerUnit","value":"(10.50 €/kg)"},{"key":"productDetailsName","value":"Küchenbrüder - Veganes Bio Gulasch - 380 G"},{"key":"detailsDescription","value":"380 G"},{"key":"articleNumber","value":"Artikelnummer: 2020000747208"},{"key":"Lagerhinweis:","value":["Bei max. +7°C lagern. Nach dem Öffnen im Kühlschrank aufbewahren und binnen 2 Tagen verzehren."]},{"key":"Zutaten:","value":["Zutaten: Trinkwasser, Tomaten*(19%), Kartoffeln*(11%), Zwiebeln*, Karotten*, Paprika*(8%), gebratene SOJASCHNETZEL*(4%)(Trinkwasser, SOJASCHNETZEL*, Sonnenblumenöl*, Meersalz), Sonnenblumenöl*, Meersalz, Maisstärke*, Kräuter*, Paprikapulver*, Knoblauchpulver*, Zitronenpfeffer*, Kümmel*. *aus kontrolliert ökologischem Anbau. In Großbuchstaben angegebene Zutaten enthalten allergene Inhaltsstoffe."]},{"key":"Allergene:","value":["Enthält:Sojabohnen und daraus gewonnene Erzeugnisse"]},{"key":"","value":["ohne jegliche Zusatz- und Konservierungsstoffe"]},{"key":"","value":["Laktosefrei","Glutenfrei"]},{"key":"Zubereitung:","value":["Zubereitung in der MikrowelleZur Erhitzung den Deckel öffnen und locker auf den Becher legen. Bei ca. 600 Watt 5 Min. erhitzen.","Erhitzen und servierenIm Topf: Unter ständigem Umrühren langsam erhitzen."]},{"key":"Bio-Kontrollstelle:","value":["DE-ÖKO-006"]},{"key":"Ökoherkunft:","value":["EU-/Nicht-EU-Landwirtschaft"]},{"key":"Verbrauchen nach dem Öffnen:","value":["2 Tage"]},{"key":"Verwendungshinweis:","value":["Öffnen - Am Rand des Bechers befindet sich eine Lasche, diese aufbrechen und den Deckel vorsichtig abnehmen.Achtung. Becher wird heiß!"]},{"key":"Kontakt:","value":["Tress Lebensmittel GmbH & Co.KG","Aichelauer Straße 6, 72534 Hayingen, Deutschland"]}],"nutritions":[{"key":"","value":"Unzubereitet"},{"key":" ","value":"100 g"},{"key":"Energie","value":"237 kJ | 57 kcal"},{"key":"Fett","value":"2,4 g"},{"key":"Fett, davon gesättigte Fettsäuren","value":"0,3 g"},{"key":"Kohlenhydrate","value":"5,6 g"},{"key":"Kohlenhydrate, davon Zucker","value":"1,4 g"},{"key":"Eiweiß","value":"2,3 g"},{"key":"Salz","value":"1 g"}],"tags":["Bio","Vegan","Glutenfrei","Lactosefrei"]},
    {"url":"https://www.interspar.at/shop/lebensmittel/p/2020000747239","data":[{"key":"price","value":"3,99 €"},{"key":"oldPrice","value":"\n\t\t\t\t\t\n\t\t\t\t\t \n\t\t\t\t"},{"key":"pricePerUnit","value":"(10.50 €/kg)"},{"key":"productDetailsName","value":"Küchenbrüder - Veganer Bio Linseneintopf - 380 G"},{"key":"detailsDescription","value":"380 G"},{"key":"articleNumber","value":"Artikelnummer: 2020000747239"},{"key":"Lagerhinweis:","value":["Bei max. +7°C lagern. Nach dem Öffnen im Kühlschrank aufbewahren und binnen 2 Tagen verzehren."]},{"key":"Zutaten:","value":["Zutaten: Wasser, Linsen*(11%), Karotten*(8%), Zwiebeln*(8%), Kartoffeln*(8%), Tomaten*, Balsamico-Essig* (konzentrierter Traubenmost*, Weinessig*), Sonnenblumenöl*, WEIZENMEHL*, Meersalz, Gewürze*. *aus kontrolliert ökologischem Anbau. In Großbuchstaben angegebene Zutaten enthalten allergene Inhaltsstoffe."]},{"key":"Allergene:","value":["Enthält:Glutenhaltiges Getreide und daraus hergestellte Erzeugnisse"]},{"key":"","value":["ohne jegliche Zusatz- und Konservierungsstoffe"]},{"key":"","value":["Laktosefrei"]},{"key":"Zubereitung:","value":["Zubereitung in der MikrowelleZur Erhitzung den Deckel öffnen und locker auf den Becher legen. Bei ca. 600 Watt 5 Min. erhitzen.","Erhitzen und servierenIm Topf: Unter ständigem Umrühren langsam erhitzen."]},{"key":"Bio-Kontrollstelle:","value":["DE-ÖKO-006"]},{"key":"Ökoherkunft:","value":["EU-/Nicht-EU-Landwirtschaft"]},{"key":"Verbrauchen nach dem Öffnen:","value":["2 Tage"]},{"key":"Verwendungshinweis:","value":["Öffnen - Am Rand des Bechers befindet sich eine Lasche, diese aufbrechen und den Deckel vorsichtig abnehmen.Achtung. Becher wird heiß!"]},{"key":"Kontakt:","value":["Tress Lebensmittel GmbH & Co.KG","Aichelauer Straße 6, 72534 Hayingen, Deutschland"]}],"nutritions":[{"key":"","value":"Unzubereitet"},{"key":" ","value":"100 g"},{"key":"Energie","value":"331 kJ | 79 kcal"},{"key":"Fett","value":"2,3 g"},{"key":"Fett, davon gesättigte Fettsäuren","value":"< 0,01 g"},{"key":"Kohlenhydrate","value":"10,6 g"},{"key":"Kohlenhydrate, davon Zucker","value":"0,8 g"},{"key":"Eiweiß","value":"3,4 g"},{"key":"Salz","value":"1 g"}],"tags":["Bio","Vegan","Lactosefrei"]},
    {"url":"https://www.interspar.at/shop/lebensmittel/p/2020000747451","data":[{"key":"price","value":"3,39 €"},{"key":"oldPrice","value":"\n\t\t\t\t\t\n\t\t\t\t\t \n\t\t\t\t"},{"key":"pricePerUnit","value":"(13.56 €/kg)"},{"key":"productDetailsName","value":"Lotus - Bio-Gemüse-Bällis Mozzarella - 250 G"},{"key":"detailsDescription","value":"250 G"},{"key":"articleNumber","value":"Artikelnummer: 2020000747451"},{"key":"Lagerhinweis:","value":["Bei 2-7°C lagern."]},{"key":"Zutaten:","value":["Zutaten: Gemüse (38%) (roter Paprika, Tomaten* (11%), Zwiebeln), Vollkornreis (29%), Semmelbrösel (WEIZENMEHL, Wasser, Salz, Hefe), MOZZARELLA (6%), MAGERQUARK, DINKELFLOCKENMEHL, SESAM, Kichererbsenmehl, Meersalz, Olivenöl, Sonnenblumenöl, Gewürze. In Großbuchstaben angegebenen Zutaten enthalten allergene Inhaltsstoffe."]},{"key":"Allergene:","value":["Enthält:Glutenhaltiges Getreide und daraus hergestellte Erzeugnisse, Milch und daraus gewonnene Erzeugnisse (inkl. Laktose), Sesamsamen und daraus gewonnene Erzeugnisse"]},{"key":"Zubereitung:","value":["BackenBei mittlerer Hitze beidseitig ca. 4-6 Min. im vorgeheizten Backrohr bei 200°C ca. 10 Min. erwärmen.","Braten in FettIn der Pfanne mit etwas Fett, in beschichteter Pfanne ohne Fett."]},{"key":"Bio-Kontrollstelle:","value":["DE-ÖKO-003"]},{"key":"Ökoherkunft:","value":["EU-/Nicht-EU-Landwirtschaft"]},{"key":"Zusatztext:","value":["Vegetarisch. Bestens geeignet zum Grillen und für die Mikrowelle mit Grillfunktion."]},{"key":"Ursprungsland/Herkunftsort:","value":["Deutschland"]},{"key":"Kontakt:","value":["Lotus Naturkost","Handwerkerpark 24, 83093 Bad Endorf, Deutschland"]}],"nutritions":[{"key":"","value":"Unzubereitet"},{"key":" ","value":"100 g"},{"key":"Energie","value":"1062 kJ | 255 kcal"},{"key":"Fett","value":"13,9 g"},{"key":"Fett, davon gesättigte Fettsäuren","value":"1,8 g"},{"key":"Kohlenhydrate","value":"23,8 g"},{"key":"Kohlenhydrate, davon Zucker","value":"1,6 g"},{"key":"Ballaststoffe","value":"4,1 g"},{"key":"Eiweiß","value":"6,5 g"},{"key":"Salz","value":"1,5 g"}],"tags":["Bio","Vegetarisch"]},
    {"url":"https://www.interspar.at/shop/lebensmittel/p/2020000748823","data":[{"key":"price","value":"3,49 €"},{"key":"oldPrice","value":"\n\t\t\t\t\t\n\t\t\t\t\t \n\t\t\t\t"},{"key":"pricePerUnit","value":"(17.45 €/kg)"},{"key":"productDetailsName","value":"Veggie Life - Wiener Weizenschnitzel 2 Stück - 200 G"},{"key":"detailsDescription","value":"200 G"},{"key":"articleNumber","value":"Artikelnummer: 2020000748823"},{"key":"Lagerhinweis:","value":["Gekühlt bei +4°C bis +8°C lagern."]},{"key":"Zutaten:","value":["Zutaten: Tofu (27%) (SOJABOHNEN* Trinkwasser, Gerinnungsmittel: Magnesiumchlorid (Nigari)), Trinkwasser, WEIZENEIWEISS 24%, Sonnenblumenöl*, Weizenpaniermehl (WEIZENMEHL*, Trinkwasser, Meersalz, Paprika*, Hefe*), Meersalz, Rohrzucker*, Gewürze*, Zwiebeln*. *aus kontrolliert biologischem Anbau. In Großbuchstaben angegebene Zutaten enthalten allergene Inhaltsstoffe."]},{"key":"Allergene:","value":["Enthält:Glutenhaltiges Getreide und daraus hergestellte Erzeugnisse, Sojabohnen und daraus gewonnene Erzeugnisse"]},{"key":"Zubereitung:","value":["BackenDen Ofen auf etwa 180°C vorheizen. Ein Blech mit Backpapier auslegen und die Wiener Weizenschnitzel etwa 10 Minuten backen (besonders fettarm).","Braten mit wenig FettIn einer Bratpfanne etwas Öl erhitzen. Wiener Weizenschnitzel bei mittlerer Hitze insgesamt etwa 3 Minuten von beiden Seiten knusprig braten.","FrittierenBei 180°C insgesamt 2 1/2 Minuten frittieren."]},{"key":"Bio-Kontrollstelle:","value":["DE-ÖKO-001"]},{"key":"Ökoherkunft:","value":["EU-/Nicht-EU-Landwirtschaft"]},{"key":"Zusatztext:","value":["Fleischlos glücklich pflanzlich, natürlich ohne Ei Qualitätsgarantie: gutes Eiweiß für Fitnessbewusste, hochwertige Bio-Zutaten ohne Gentechnik, ständig überwacht durch unabhängige Institute, für einen nachhaltigen Lifestyle, aktiver Tierschutz (Pflanzen statt Tiere)Zarte vegetarische Schnitzel, umgeben von einer knusprigen Panade, für die schnelle, moderne Küche. Pflanzlich und natürlich aus Bio-Zutaten. Ein leckerer Beitrag zu Ihrer bewussten Ernährung! Schmeckt auch hervorragend in Streifen geschnitten mit einem bunten gemischten Salat."]},{"key":"Kontakt:","value":["Tofutown","Tofustraße 1, 54578 Wiesbaum, Deutschland"]}],"nutritions":[{"key":"","value":"Unzubereitet"},{"key":" ","value":"100 g"},{"key":"Energie","value":"1201 kJ | 287 kcal"},{"key":"Fett","value":"14,7 g"},{"key":"Fett, davon gesättigte Fettsäuren","value":"2,6 g"},{"key":"Fett, davon einfach ungesättigte Fettsäuren","value":"5,5 g"},{"key":"Fett, davon mehrfach ungesättigte Fettsäuren","value":"6,6 g"},{"key":"Kohlenhydrate","value":"14,6 g"},{"key":"Kohlenhydrate, davon Zucker","value":"2,6 g"},{"key":"Ballaststoffe","value":"2,7 g"},{"key":"Eiweiß","value":"22,8 g"},{"key":"Salz","value":"1,98 g"}],"tags":["Bio"]},
    {"url":"https://www.interspar.at/shop/lebensmittel/p/2020000748847","data":[{"key":"price","value":"3,49 €"},{"key":"oldPrice","value":"\n\t\t\t\t\t\n\t\t\t\t\t \n\t\t\t\t"},{"key":"pricePerUnit","value":"(17.45 €/kg)"},{"key":"productDetailsName","value":"Veggie Life - Green Schnitzel 2 Stück - 200 G"},{"key":"detailsDescription","value":"200 G"},{"key":"articleNumber","value":"Artikelnummer: 2020000748847"},{"key":"Lagerhinweis:","value":["Gekühlt bei +4°C bis +8°C lagern."]},{"key":"Zutaten:","value":["Zutaten: Vollkornreis*, Möhren* (16%), Tofu (12%) (SOJABOHNEN*, Trinkwasser, Gerinnungsmittel: Magnesiumchlorid (Nigari)), HAFERFLOCKEN*, Weizenpaniermehl (WEIZENMEHL*, Wasser, Meersalz, Paprika*, Hefe*), Erbsen* (9%), Paprika* (6%), Mais* (5%), Sonnenblumenöl*, Sonnenblumenkerne*, Broccoli* (1,5%), SESAM*, Sojasauce (Trinkwasser, SOJABOHNEN*, Meersalz, WEIZEN*), Lauch*, Meersalz, Gewürze*. *auskontrolliert biologischem Anbau. In Großbuchstaben angegebene Zuaten enthalten allergene Inhaltsstoffe."]},{"key":"Allergene:","value":["Enthält:Glutenhaltiges Getreide und daraus hergestellte Erzeugnisse, Sesamsamen und daraus gewonnene Erzeugnisse, Sojabohnen und daraus gewonnene Erzeugnisse"]},{"key":"Zubereitung:","value":["BackenDen Ofen auf etwa 180°C vorheizen. Ein Blech mit Backpapier auslegen und die Green Schnitzel etwa 10 Minuten backen (besonders fettarm).","FrittierenBei 180°C insgesamt 2 1/2 Minuten frittieren.","Braten mit wenig FettIn einer Bratpfanne etwas Öl erhitzen, Green Schnitzel bei mittlerer Hitze insgesamt etwa 3 Minuten von beiden Seiten knusprig braten."]},{"key":"Bio-Kontrollstelle:","value":["DE-ÖKO-001"]},{"key":"Ökoherkunft:","value":["EU-/Nicht-EU-Landwirtschaft"]},{"key":"Zusatztext:","value":["Fleischlos glücklich pflanzlich, natürlich ohne Ei Qualitätsgarantie: gutes Eiweiß für Fitnessbewusste, hochwertige Bio-Zutaten ohne Gentechnik, ständig überwacht durch unabhängige Institute, für einen nachhaltigen Lifestyle, aktiver Tierschutz (Pflanzen statt Tiere) Mit viel frischem Gemüse für die schnelle, leckere Küche. Pflanzlich und natürlich aus Bio-Zutaten. Ein leckerer Beitrag zu ihrer bewussten Ernährung! Green Schnitzel schmecken zb. mit Petersilienkartoffeln und frischem Salat."]},{"key":"Kontakt:","value":["Tofutown","Tofustraße 1, 54578 Wiesbaum, Deutschland"]}],"nutritions":[{"key":"","value":"Unzubereitet"},{"key":" ","value":"100 g"},{"key":"Energie","value":"884 kJ | 211 kcal"},{"key":"Fett","value":"9,6 g"},{"key":"Fett, davon gesättigte Fettsäuren","value":"1,2 g"},{"key":"Fett, davon einfach ungesättigte Fettsäuren","value":"2,3 g"},{"key":"Fett, davon mehrfach ungesättigte Fettsäuren","value":"6,1 g"},{"key":"Kohlenhydrate","value":"21,6 g"},{"key":"Kohlenhydrate, davon Zucker","value":"2 g"},{"key":"Ballaststoffe","value":"3,6 g"},{"key":"Eiweiß","value":"7,8 g"},{"key":"Salz","value":"1,15 g"}],"tags":["Bio"]},
    {"url":"https://www.interspar.at/shop/lebensmittel/p/2020000748854","data":[{"key":"price","value":"3,59 €"},{"key":"oldPrice","value":"\n\t\t\t\t\t\n\t\t\t\t\t \n\t\t\t\t"},{"key":"pricePerUnit","value":"(14.36 €/kg)"},{"key":"productDetailsName","value":"Veggie Life - Fan Burger 4 Stück - 250 G"},{"key":"detailsDescription","value":"250 G"},{"key":"articleNumber","value":"Artikelnummer: 2020000748854"},{"key":"Lagerhinweis:","value":["Gekühlt bei +4°C bis +8°C lagern."]},{"key":"Zutaten:","value":["Zutaten: Trinkwasser, WEIZENEIWEISS* (25%), gehacktes SOJAEIWEISS* (11%), Sonnenblumenöl*, Sojasauce (Trinkwasser, SOJABOHNEN*, Meersalz, WEIZEN*), Röstzwiebel* (Zwiebeln*, Palmöl*, WEIZENMEHL*, Speisesalz), Tomatenmark*, Rohrohrzucker*, Meersalz, Hefe*, Gewürze*, Kräuter*. *aus kontrolliert biologischem Anbau. In Großbuchstaben angegebene Zutaten enthalten allergene Inhaltsstoffe."]},{"key":"Allergene:","value":["Enthält:Glutenhaltiges Getreide und daraus hergestellte Erzeugnisse, Sojabohnen und daraus gewonnene Erzeugnisse"]},{"key":"Zubereitung:","value":["Braten in FettFanburger in einer Pfanne mit heißem Öl insgesamt etwa 3 Minuten rundum knusprig anbraten.","BackenBackblech mit Backpapier auslegen und Fanburger im vorgezeizten Ofen bei 180°C etwa 10 Minuten backen.","Grillen mit indirekter HitzeDie Fanburger mit etwas Öl bepinseln. Auf dem Grill unter gelegentlichem Wenden etwa. 5 Minuten knusprig grillen."]},{"key":"Bio-Kontrollstelle:","value":["DE-ÖKO-001"]},{"key":"Ökoherkunft:","value":["EU-/Nicht-EU-Landwirtschaft"]},{"key":"Zusatztext:","value":["Fleischlos glücklich pflanzlich, natürlich ohne Ei Qualitätsgarantie: gutes Eiweiß für Fitnessbewusste, hochwertige Bio-Zutaten ohne Gentechnik, ständig überwacht durch unabhängige Institute, für einen nachhaltigen Lifestyle, aktiver Tierschutz (Pflanzen statt Tiere)Saftig-herzhafte Burger für die schnelle, moderne Küche. Pflanzlich und natürlich aus Bio-Zutaten. Ein leckerer Beitrag zu Ihrer bewussten Ernährung! Fanburger im Hamburger- Brötchen mit Zwiebeln, Senf, Ketchup und Gürkchen servieren. Dazu passen Pommes frites und ein frischer Gartensalat. Lecker auch mit Kartoffelpüree und gedünstetem Gemüse."]},{"key":"Kontakt:","value":["Tofutown","Tofustraße 1, 54578 Wiesbaum, Deutschland"]}],"nutritions":[{"key":"","value":"Unzubereitet"},{"key":" ","value":"100 g"},{"key":"Energie","value":"904 kJ | 215 kcal"},{"key":"Fett","value":"8,5 g"},{"key":"Fett, davon gesättigte Fettsäuren","value":"0,9 g"},{"key":"Fett, davon einfach ungesättigte Fettsäuren","value":"2,7 g"},{"key":"Fett, davon mehrfach ungesättigte Fettsäuren","value":"4,9 g"},{"key":"Kohlenhydrate","value":"5,6 g"},{"key":"Kohlenhydrate, davon Zucker","value":"1,5 g"},{"key":"Ballaststoffe","value":"3,1 g"},{"key":"Eiweiß","value":"29 g"},{"key":"Salz","value":"1,63 g"}],"tags":["Bio"]},
    {"url":"https://www.interspar.at/shop/lebensmittel/p/2020000748892","data":[{"key":"price","value":"3,49 €"},{"key":"oldPrice","value":"\n\t\t\t\t\t\n\t\t\t\t\t \n\t\t\t\t"},{"key":"pricePerUnit","value":"(16.62 €/kg)"},{"key":"productDetailsName","value":"Veggie Life - Power Hacksteaks 2 Stück - 210 G"},{"key":"detailsDescription","value":"210 G"},{"key":"articleNumber","value":"Artikelnummer: 2020000748892"},{"key":"Lagerhinweis:","value":["Gekühlt bei +4°C bis +8°C lagern."]},{"key":"Zutaten:","value":["Zutaten: Trinkwasser, WEIZENEIWEISS* (24%), gehacktes SOJAEIWEISS* (9%), Sonnenblumenöl*, Sojasauce* (Trinkwasser, SOJABOHNEN*, Meersalz, WEIZEN*), Tofu* (SOJABOHNEN*, Trinkwasser, Gerinnungsmittel: Magnesiumchlorid (Nigari)), HAFERFLOCKEN*, Röstzwiebeln* (Zwiebeln*, Palmöl*, WEIZENMEHL*, Speisesalz), Tomatenmark*, Zwiebeln*, Gewürze*, Meersalz, Hefe*, Kräuter*, SELLERIE*. *aus kontrolliert biologischem Anbau. In Großbuchstaben angegebene Zutaten enthalten allerene Inhaltsstoffe."]},{"key":"Allergene:","value":["Enthält:Glutenhaltiges Getreide und daraus hergestellte Erzeugnisse, Sellerie und daraus gewonnene Erzeugnisse, Sojabohnen und daraus gewonnene Erzeugnisse"]},{"key":"Zubereitung:","value":["Braten in FettIn einer Pfanne etwas Öl erhitzen. Power Hacksteaks in der heißen Pfanne von beiden Seiten langsam etwa 3 Minuten kräftig anbraten."]},{"key":"Bio-Kontrollstelle:","value":["DE-ÖKO-001"]},{"key":"Ökoherkunft:","value":["EU-/Nicht-EU-Landwirtschaft"]},{"key":"Zusatztext:","value":["Fleischlos glücklich pflanzlich, natürlich ohne Ei Qualitätsgarantie: gutes Eiweiß für Fitnessbewusste, hochwertige Bio-Zutaten ohne Gentechnik, ständig überwacht durch unabhängige Institute, für einen nachhaltigen Lifestyle, aktiver Tierschutz (Pflanzen statt Tiere)Herzhaft vegetarische Hacksteaks für die schnelle, moderne Küche. Pflanzlich und natürlich aus Bio-Zutaten. Ein leckerer Beitrag zu Ihrer bewussten Ernährung! Power Hacksteaks zb. mit einer Ofenkartoffel und frischem Salat servieren. Probieren Sie Power Hacksteaks auch als herzhafte Bruger!"]},{"key":"Kontakt:","value":["Tofutown","Tofustraße 1, 54578 Wiesbaum, Deutschland"]}],"nutritions":[{"key":"","value":"Unzubereitet"},{"key":" ","value":"100 g"},{"key":"Energie","value":"1184 kJ | 284 kcal"},{"key":"Fett","value":"14,7 g"},{"key":"Fett, davon gesättigte Fettsäuren","value":"2 g"},{"key":"Fett, davon einfach ungesättigte Fettsäuren","value":"3,9 g"},{"key":"Fett, davon mehrfach ungesättigte Fettsäuren","value":"8,8 g"},{"key":"Kohlenhydrate","value":"5,9 g"},{"key":"Kohlenhydrate, davon Zucker","value":"4,4 g"},{"key":"Ballaststoffe","value":"4,6 g"},{"key":"Eiweiß","value":"29,6 g"},{"key":"Salz","value":"2,3 g"}],"tags":["Bio"]},
    {"url":"https://www.interspar.at/shop/lebensmittel/p/2020000748908","data":[{"key":"price","value":"3,49 €"},{"key":"oldPrice","value":"\n\t\t\t\t\t\n\t\t\t\t\t \n\t\t\t\t"},{"key":"pricePerUnit","value":"(17.45 €/kg)"},{"key":"productDetailsName","value":"Veggie Life - Veggie Cevapcici 10 Stück - 200 G"},{"key":"detailsDescription","value":"200 G"},{"key":"articleNumber","value":"Artikelnummer: 2020000748908"},{"key":"Lagerhinweis:","value":["Gekühlt bei +4°C bis +8°C lagern."]},{"key":"Zutaten:","value":["Zutaten: Trinkwasser, WEIZENEIWEISS* (21%), gehacktes SOJAEIWEISS* (8%), roter Gemüsepaprika*, Sonnenblumenöl*, Sojasauce (Trinkwasser, SOJABOHNEN*, Meersalz, WEIZEN*), Tofu (SOJABOHNEN*, Trinkwasser, Gerinnungsmittel: Magnesiumchlorid (Nigari)), HAFERFLOCKEN*, Röstzwiebeln* (Zwiebeln*, Palmöl*, WEIZENMEHL*, Speisesalz), Tomatenmark*, Meersalz, Hefe*, Gewürze*, Kräuter*. *aus kontrolliert biologischem Anbau. In Großbuchstaben angegebene Zutaten enthalten allergene Inhaltsstoffe."]},{"key":"Allergene:","value":["Enthält:Glutenhaltiges Getreide und daraus hergestellte Erzeugnisse, Sojabohnen und daraus gewonnene Erzeugnisse"]},{"key":"Zubereitung:","value":["FrittierenVeggie Cevapcici bei 180°C insgesamt etwa 1 1/2 Minuten frittieren.","Braten in FettVeggie Cevapcici in einer Pfanne mit heißem Öl insgesamt etwa 3 Minuten rundum knusprig anbraten.","BackenBackblech mit Backpapier auslegen und Veggie Cevapcici im vorgeheizten Ofen bei 180°C etwa. 10 Minuten backen (besonders fettarm)."]},{"key":"Bio-Kontrollstelle:","value":["DE-ÖKO-001"]},{"key":"Ökoherkunft:","value":["EU-/Nicht-EU-Landwirtschaft"]},{"key":"Zusatztext:","value":["Fleischlos glücklich pflanzlich, natürlich ohne Ei Qualitätsgarantie: gutes Eiweiß für Fitnessbewusste, hochwertige Bio-Zutaten ohne Gentechnik, ständig überwacht durch unabhängige Institute, für einen nachhaltigen Lifestyle, aktiver Tierschutz (Pflanzen statt Tiere)Herzhaft-deftige Fingerfood-Häppchen für die schnelle, moderne Küche. Pflanzlich und natürlich aus Bio-Zutaten. Ein leckerer Beitrag zu Ihrer bewussten Ernährung! Veggie Cevapcici mit einer Auswahl an Dips sowie Reis und Salat servieren. Bringt traumhaft schöne Urlaubserinnerungen zurück."]},{"key":"Kontakt:","value":["Tofutown","Tofustraße 1, 54578 Wiesbaum, Deutschland"]}],"nutritions":[{"key":"","value":"Unzubereitet"},{"key":" ","value":"100 g"},{"key":"Energie","value":"1277 kJ | 306 kcal"},{"key":"Fett","value":"16,8 g"},{"key":"Fett, davon gesättigte Fettsäuren","value":"2,9 g"},{"key":"Fett, davon einfach ungesättigte Fettsäuren","value":"5,8 g"},{"key":"Fett, davon mehrfach ungesättigte Fettsäuren","value":"8,1 g"},{"key":"Kohlenhydrate","value":"7,5 g"},{"key":"Kohlenhydrate, davon Zucker","value":"4,4 g"},{"key":"Ballaststoffe","value":"4,3 g"},{"key":"Eiweiß","value":"29 g"},{"key":"Salz","value":"2,3 g"}],"tags":["Bio"]},
    {"url":"https://www.interspar.at/shop/lebensmittel/p/2020000748939","data":[{"key":"price","value":"3,59 €"},{"key":"oldPrice","value":"\n\t\t\t\t\t\n\t\t\t\t\t \n\t\t\t\t"},{"key":"pricePerUnit","value":"(14.36 €/kg)"},{"key":"productDetailsName","value":"Veggie Life - Veggie Bratknacker 7 Stück - 250 G"},{"key":"detailsDescription","value":"250 G"},{"key":"articleNumber","value":"Artikelnummer: 2020000748939"},{"key":"Lagerhinweis:","value":["Gekühlt bei  +4°C bis +8°C lagern."]},{"key":"Zutaten:","value":["Zutaten: Tofu (35%)  (SOJABOHNEN*, Trinkwasser, Gerinnungsmittel: Magnesiumchlorid (Nigari)), Trinkwasser, WEIZENEIWEISS* (22%), Sonnenblumenöl*, Meersalz, Rohrohrzucker*, Gewürze*, Zwiebeln*, SELLERIE*, Verdickungsmittel: Johannisbrotkernmehl. *aus kontrolliert biologischem Anbau. In Großbuchstaben angegebene Zutaten enthalten allergene Inhaltsstoffe."]},{"key":"Allergene:","value":["Enthält:Glutenhaltiges Getreide und daraus hergestellte Erzeugnisse, Sellerie und daraus gewonnene Erzeugnisse, Sojabohnen und daraus gewonnene Erzeugnisse"]},{"key":"Zubereitung:","value":["Braten mit wenig FettIn einer Pfanne etwas Öl erhitzen und die Veggie Bratknacker in der heißen Pfanne ca. 3 Minuten rundum braun anbraten.","Grillen mit indirekter HitzeVeggie Bratknacker mit etwas Öl bepinseln. Auf dem Grill unter gelegentlichem Wenden etwa 5 Minuten knusprig grillen.","Sieden in kochender FlüssigkeitVeggie Bratknacker im Originalbeutel in siedendes Wasser geben und etwa 3 Minuten ziehen lassen."]},{"key":"Bio-Kontrollstelle:","value":["DE-ÖKO-001"]},{"key":"Ökoherkunft:","value":["EU-/Nicht-EU-Landwirtschaft"]},{"key":"Zusatztext:","value":["Fleischlos glücklich pflanzlich, natürlich ohne Ei Qualitätsgarantie: gutes Eiweiß für Fitnessbewusste, hochwertige Bio-Zutaten ohne Gentechnik, ständig überwacht durch unabhängige Institute, für einen nachhaltigen Lifestyle, aktiver Tierschutz (Pflanzen statt Tiere) Feine Tofuwürstchen für die schnelle, moderne Küche. Pflanzlich und natürlich aus Bio-Zutaten. Ein leckerer Beitrag zu Ihrer bewussten Ernährung! Veggie Bratknacker schmecken z.B. mit Backofen-Pommes und Ketchup oder auch kalt als Zwischendurchsnack."]},{"key":"Kontakt:","value":["Tofutown","Tofustraße 1, 54578 Wiesbaum, Deutschland"]}],"nutritions":[{"key":"","value":"Unzubereitet"},{"key":" ","value":"100 g"},{"key":"Energie","value":"993 kJ | 238 kcal"},{"key":"Fett","value":"13,6 g"},{"key":"Fett, davon gesättigte Fettsäuren","value":"2,3 g"},{"key":"Fett, davon einfach ungesättigte Fettsäuren","value":"2,9 g"},{"key":"Fett, davon mehrfach ungesättigte Fettsäuren","value":"8,4 g"},{"key":"Kohlenhydrate","value":"4,6 g"},{"key":"Kohlenhydrate, davon Zucker","value":"1,7 g"},{"key":"Ballaststoffe","value":"3 g"},{"key":"Eiweiß","value":"22,8 g"},{"key":"Salz","value":"2,1 g"}],"tags":["Bio"]},
    {"url":"https://www.interspar.at/shop/lebensmittel/p/2020000751526","data":[{"key":"price","value":"3,59 €"},{"key":"oldPrice","value":"\n\t\t\t\t\t\n\t\t\t\t\t \n\t\t\t\t"},{"key":"pricePerUnit","value":"(11.97 €/kg)"},{"key":"productDetailsName","value":"Veggie Life - Veggiefrisch Bratwürste 3 Stück - 300 G"},{"key":"detailsDescription","value":"300 G"},{"key":"articleNumber","value":"Artikelnummer: 2020000751526"},{"key":"Lagerhinweis:","value":["Gekühlt bei +4°C bis +8°C lagern."]},{"key":"Zutaten:","value":["Zutaten: TOFU (36%) (SOJABOHNEN*, Trinkwasser, Gerinnungsmittel: Magnesiumchlorid (Nigari)), Trinkwasser, WEIZENEIWEISS* (22%), Sonnenblumenöl*, Meersalz, Gewürze*, Rohrohrzucker*, SELLERIE*, Verdickungsmittel: Johannisbrotkernmehl*. *aus kontrolliert biologischem Anbau. In Großbuchstaben angegebene Zutaten enthalten allergene Inhaltsstoffe."]},{"key":"Allergene:","value":["Enthält:Glutenhaltiges Getreide und daraus hergestellte Erzeugnisse, Sellerie und daraus gewonnene Erzeugnisse, Sojabohnen und daraus gewonnene Erzeugnisse"]},{"key":"Zubereitung:","value":["Braten mit wenig FettIn einer Bratpfanne etwas Öl erhitzen. Veggiefrische Bratwürste in der heißen Pfanne von 2 Seiten etwa 3 Minuten kräftig anbraten.","Grillen mit indirekter HitzeVeggiefrische Bratwürste mit etwas Öl bepinseln. Auf dem Grill unter gelegentlichem Wenden etwa 5 Minuten knusprig grillen."]},{"key":"Bio-Kontrollstelle:","value":["DE-ÖKO-001"]},{"key":"Ökoherkunft:","value":["EU-/Nicht-EU-Landwirtschaft"]},{"key":"Zusatztext:","value":["Fleischlos glücklichpflanzlich, natürlich ohne Ei Qualitätsgarantie: gutes Eiweiß für Fitnessbewusste, hochwertige Bio-Zutaten ohne Gentechnik, ständig überwacht durch unabhängige Institute, für einen nachhaltigen Lifestyle, aktiver Tierschutz (Pflanzen statt Tiere) Perfekte Bratwürte für die schnelle, moderne Küche. Pflanzlich und natürlich aus Bio-Zutaten. Ein leckerer Beitrag zu ihrer bewussten Ernährung! Veggie Bratwürste von 2 Seiten kräftig anbraten und klassisch mit Senf und Brötchen servieren. Toll auch als Currywürste mit Ketchup und ordentlich viel Currypulver."]},{"key":"Kontakt:","value":["Tofutown","Tofustraße 1, 54578 Wiesbaum, Deutschland"]}],"nutritions":[{"key":"","value":"Unzubereitet"},{"key":" ","value":"100 g"},{"key":"Energie","value":"976 g"},{"key":"Fett","value":"12,6 g"},{"key":"Fett, davon gesättigte Fettsäuren","value":"1,6 g"},{"key":"Fett, davon einfach ungesättigte Fettsäuren","value":"3 g"},{"key":"Fett, davon mehrfach ungesättigte Fettsäuren","value":"8 g"},{"key":"Kohlenhydrate","value":"2,9 g"},{"key":"Kohlenhydrate, davon Zucker","value":"2,7 g"},{"key":"Ballaststoffe","value":"3,4 g"},{"key":"Eiweiß","value":"25,5 g"},{"key":"Salz","value":"1,88 g"}],"tags":["Bio"]},
    {"url":"https://www.interspar.at/shop/lebensmittel/p/2020000751700","data":[{"key":"price","value":"3,19 €"},{"key":"oldPrice","value":"\n\t\t\t\t\t\n\t\t\t\t\t \n\t\t\t\t"},{"key":"pricePerUnit","value":"(15.95 €/kg)"},{"key":"productDetailsName","value":"Veggie Life - Veggie Bratlinge Tofu Classic mit Gemüse - 200 G"},{"key":"detailsDescription","value":"200 G"},{"key":"articleNumber","value":"Artikelnummer: 2020000751700"},{"key":"Lagerhinweis:","value":["Gekühlt bei +4°C bis +8°C lagern."]},{"key":"Zutaten:","value":["Zutaten: Tofu (22%) (SOJABOHNEN*, Trinkwasser, Gerinnungsmittel: Magnesiumchlorid (Nigari), Trinkwasser, WEIZENEIWEISS* (15%), Möhren* (9%), Erbsen* (9%), Süßmais* (9%), Sonnenblumenöl*, Sonnenblumenkerne*, Röstzwiebeln (Zwiebeln*, Palmöl*, WEIZENMEHL*, Speisesalz), Gewürze*, MANDELN*(<2%), HAFERFLOCKEN*, Hefe*, Lauch*. *aus kontrolliert biologischem Anbau. In Großbuchstaben angegebene Zutaten enthalten allergene Inhaltsstoffe."]},{"key":"Allergene:","value":["Kann Spuren enthalten von:Sellerie und daraus gewonnene Erzeugnisse","Enthält:Glutenhaltiges Getreide und daraus hergestellte Erzeugnisse, Schalenfrüchte und daraus gewonnene Erzeugnisse, Sojabohnen und daraus gewonnene Erzeugnisse"]},{"key":"Zubereitung:","value":["Erhitzen und servierenVeggie Life Bratlinge sind bereits vorgebraten. Deshalb können sie schnell und einfach in der Pfanne (3 Min.) oder im Backofen (10 Min./180°C) aufgewärmt werden.Tipp: Schmecken auch toll in Streifen geschnitten - z.B. über buntem Salat.","Zubereitung in der MikrowelleIn der Mikrowelle bei 700W für 2 Min. erwärmen.","FrittierenFür 2 Minuten frittieren."]},{"key":"Bio-Kontrollstelle:","value":["DE-ÖKO-001"]},{"key":"Ökoherkunft:","value":["EU-/Nicht-EU-Landwirtschaft"]},{"key":"Zusatztext:","value":["Fleischlos glücklich pflanzlich, natürlich ohne Ei Qualitätsgarantie: gutes Eiweiß für Fitnessbewusste, hochwertige Bio-Zutaten ohne Gentechnik, ständig überwacht durch unabhängige Institute, für einen nachhaltigen Lifestyle, aktiver Pflanzenschutz (Pflanzen statt Tiere)Erntefrisches Bio-Gemüse, frischer Tofu, Mandeln und feine Kräuter - so stellen wir uns einen wirklich leckeren Tofuburger vor. Tipp: Schmecken auch toll in Streifen geschnitten - z.B. über buntem Salat."]},{"key":"Kontakt:","value":["Tofutown","Tofustraße 1, 54578 Wiesbaum, Deutschland"]}],"nutritions":[{"key":"","value":"Unzubereitet"},{"key":" ","value":"100 g"},{"key":"Energie","value":"1068 kJ | 256 kcal"},{"key":"Fett","value":"12,6 g"},{"key":"Fett, davon gesättigte Fettsäuren","value":"1,8 g"},{"key":"Fett, davon einfach ungesättigte Fettsäuren","value":"3,5 g"},{"key":"Fett, davon mehrfach ungesättigte Fettsäuren","value":"7,3 g"},{"key":"Kohlenhydrate","value":"13,3 g"},{"key":"Kohlenhydrate, davon Zucker","value":"7,3 g"},{"key":"Ballaststoffe","value":"4,3 g"},{"key":"Eiweiß","value":"20,1 g"},{"key":"Salz","value":"1,6 g"}],"tags":["Bio"]},
    {"url":"https://www.interspar.at/shop/lebensmittel/p/2020000751731","data":[{"key":"price","value":"3,19 €"},{"key":"oldPrice","value":"\n\t\t\t\t\t\n\t\t\t\t\t \n\t\t\t\t"},{"key":"pricePerUnit","value":"(15.95 €/kg)"},{"key":"productDetailsName","value":"Veggie Life - Veggie Bratlinge Bayern Power - 200 G"},{"key":"detailsDescription","value":"200 G"},{"key":"articleNumber","value":"Artikelnummer: 2020000751731"},{"key":"Lagerhinweis:","value":["Gekühlt bei  +4°C bis +8°C lagern."]},{"key":"Zutaten:","value":["Zutaten: Tofu und Räuchertofu (21%) (SOJABOHNEN*, Trinkwasser, Gerinnungsmittel: Magnesiumchlorid (Nigari), Rauch), GRÜNKERN* (16%), WEIZENEIWEISS* (16%), Trinkwasser, Zwiebeln* (9%), Mais* (9%), Sonnenblumenöl*, Reis*, Sojasauce (Trinkwasser, SOJABOHNEN*, Meersalz, WEIZEN*), Röstzwiebeln (Zwiebeln*, Palmöl*, WEIZENMEHL*, Speisesalz), Hefe*, Meersalz, HAFERFLOCKEN*, Kräuter*, jodiertes Speisesalz, Gewürze*. *aus kontrolliert biologischem Anbau. In Großbuchstaben angegebene Zutaten enthalten allergene Inhaltsstoffe."]},{"key":"Allergene:","value":["Kann Spuren enthalten von:Sellerie und daraus gewonnene Erzeugnisse","Enthält:Glutenhaltiges Getreide und daraus hergestellte Erzeugnisse, Sojabohnen und daraus gewonnene Erzeugnisse"]},{"key":"Zubereitung:","value":["FrittierenFür 2 Minuten frittieren.","Zubereitung in der MikrowelleIn der Mikrowelle bei 700 Watt für 2 Minuten erwärmen.","Erhitzen und servierenVeggie Life Bratlinge sind bereits vorgebraten. Deshalb können sie schnell und einfach in der Pfanne (3 Min.) oder im Backofen (10 Min./180°C) aufgewärmt werden."]},{"key":"Bio-Kontrollstelle:","value":["DE-ÖKO-001"]},{"key":"Ökoherkunft:","value":["EU-/Nicht-EU-Landwirtschaft"]},{"key":"Zusatztext:","value":["Fleischlos glücklich pflanzlich, natürlich ohne Ei Qualitätsgarantie: gutes Eiweiß für Fitnessbewusste, hochwertige Bio-Zutaten ohne Gentechnik, ständig überwacht durch unabhängige Institutionen, für einen nachhaltigen Lifestyle, aktiver Pflanzenschutz (Pflanzen statt Tiere) Knackiger Bio-Grünkern und frisches Gemüse, hausgemachter Tofu und Röstzwiebeln, herzhaft gewürzt. Ein leichter, zünftiger Tofu-Snack.Tipp: Schmecken auch toll in Streifen geschnitten - z.B. über buntem Salat."]},{"key":"Kontakt:","value":["Tofutown","Tofustraße 1, 54578 Wiesbaum, Deutschland"]}],"nutritions":[{"key":"","value":"Unzubereitet"},{"key":" ","value":"100 g"},{"key":"Energie","value":"1068 kJ | 256 kcal"},{"key":"Fett","value":"12,6 g"},{"key":"Fett, davon gesättigte Fettsäuren","value":"1,8 g"},{"key":"Fett, davon einfach ungesättigte Fettsäuren","value":"3,5 g"},{"key":"Fett, davon mehrfach ungesättigte Fettsäuren","value":"7,3 g"},{"key":"Kohlenhydrate","value":"13,3 g"},{"key":"Kohlenhydrate, davon Zucker","value":"7,3 g"},{"key":"Ballaststoffe","value":"4,3 g"},{"key":"Eiweiß","value":"20,1 g"},{"key":"Salz","value":"1,6 g"}],"tags":["Bio"]},
    {"url":"https://www.interspar.at/shop/lebensmittel/p/2020000751809","data":[{"key":"price","value":"3,19 €"},{"key":"oldPrice","value":"\n\t\t\t\t\t\n\t\t\t\t\t \n\t\t\t\t"},{"key":"pricePerUnit","value":"(15.95 €/kg)"},{"key":"productDetailsName","value":"Veggie Life - Veggie Bratlinge Orient - 200 G"},{"key":"detailsDescription","value":"200 G"},{"key":"articleNumber","value":"Artikelnummer: 2020000751809"},{"key":"Lagerhinweis:","value":["Gekühlt bei +4°C bis +8°C lagern."]},{"key":"Zutaten:","value":["Zutaten: Tofu (23%) (SOJABOHNEN*, Trinkwasser, Gerinnungsmittel: Magnesiumchlorid (Nigari)), Trinkwasser, WEIZENEIWEISS*, Kichererbsen* (13%), Möhren* (12%), Zwiebeln*, Sonnenblumenöl*, Meersalz, Kichererbsenmehl*, Gewürze* HAFERFLOCKEN*, Hefe*. *aus kontrolliert biologischem Anbau. In Großbuchstaben angegebene Zutaten enthalten allergene Inhaltsstoffe."]},{"key":"Allergene:","value":["Enthält:Glutenhaltiges Getreide und daraus hergestellte Erzeugnisse, Sojabohnen und daraus gewonnene Erzeugnisse"]},{"key":"Zubereitung:","value":["Zubereitung in der MikrowelleIn der Mikrowelle bei 700 Watt für 2 Minuten erwärmen.","Erhitzen und servierenVeggie Life Bratlinge sind bereits vorgebraten. Deshalb können sie schnell und einfach in der Pfanne (3 Min.) oder im Backofen (10 Min./180°C) aufgewärmt werden.","FrittierenFür 2 Minuten frittieren."]},{"key":"Bio-Kontrollstelle:","value":["DE-ÖKO-001"]},{"key":"Ökoherkunft:","value":["EU-/Nicht-EU-Landwirtschaft"]},{"key":"Zusatztext:","value":["Fleischlos glücklich pflanzlich, natürlich ohne Ei Qualitätsgarantie: gutes Eiweiß für Fitnessbewusste, hochwertige Bio-Zutaten ohne Gentechnik, ständig überwacht durch unabhängige Institute, für einen nachhaltigen Lifestyle, aktiver Tierschutz (Pflanzen statt Tiere) Bio-Kichererbsen, bester Tofu, frisches Gemüse und eine milde ausgewogene Würzung - das ist leichter, nachhaltig guter Genuss. Schmeckt auch kalt lecker!Tipp: Schmecken auf toll in Streifen geschnitten - z.B. über buntem Salat"]},{"key":"Kontakt:","value":["Tofutown","Tofustraße 1, 54578 Wiesbaum, Deutschland"]}],"nutritions":[{"key":"","value":"Unzubereitet"},{"key":" ","value":"100 g"},{"key":"Energie","value":"966 kJ | 232 kcal"},{"key":"Fett","value":"13,2 g"},{"key":"Fett, davon gesättigte Fettsäuren","value":"1,9 g"},{"key":"Fett, davon einfach ungesättigte Fettsäuren","value":"3,7 g"},{"key":"Fett, davon mehrfach ungesättigte Fettsäuren","value":"7,6 g"},{"key":"Kohlenhydrate","value":"5,3 g"},{"key":"Kohlenhydrate, davon Zucker","value":"2,9 g"},{"key":"Ballaststoffe","value":"4,4 g"},{"key":"Eiweiß","value":"20,7 g"},{"key":"Salz","value":"1,68 g"}],"tags":["Bio"]},
    {"url":"https://www.interspar.at/shop/lebensmittel/p/2020000751816","data":[{"key":"price","value":"3,19 €"},{"key":"oldPrice","value":"\n\t\t\t\t\t\n\t\t\t\t\t \n\t\t\t\t"},{"key":"pricePerUnit","value":"(15.95 €/kg)"},{"key":"productDetailsName","value":"Veggie Life - Veggie Bratlinge California Sun - 200 G"},{"key":"detailsDescription","value":"200 G"},{"key":"articleNumber","value":"Artikelnummer: 2020000751816"},{"key":"Lagerhinweis:","value":["Gekühlt bei +4°C bis +8°C lagern."]},{"key":"Zutaten:","value":["Zutaten: Trinkwasser, WEIZENEIWEISS* (23%), SOJAEIWEISS* (9%), roter Gemüsepaprika* (9%), Sonnenblumenöl*, Sojasauce (SOJABOHNEN*, Trinkwasser, Gerinnungsmittel: Magnesiumchlorid (Nigari)), HAFERFLOCKEN*, Tomatenmark*, Röstzwiebeln (Zwiebeln*, Palmöl*, WEIZENMEHL*, Speisesalz), Meersalz, Gewürze*, Hefe*. *aus kontrolliert biologischem Anbau. In Großbuchstaben angegebene Zutaten enthalten allergene Inhaltsstoffe."]},{"key":"Allergene:","value":["Enthält:Glutenhaltiges Getreide und daraus hergestellte Erzeugnisse, Sojabohnen und daraus gewonnene Erzeugnisse"]},{"key":"Zubereitung:","value":["Zubereitung in der MikrowelleIn der Mikrowelle bei 700 Watt für 2 Minuten erwärmen.","Erhitzen und servierenVeggie Life Bratlinge sind bereits vorgebraten. Deshalb können sie schnell und einfach in der Pfanne (3 Min.) oder im Backofen (10 Min./180°C) aufgewärmt werden.","FrittierenFür 2 Minuten frittieren."]},{"key":"Bio-Kontrollstelle:","value":["DE-ÖKO-001"]},{"key":"Ökoherkunft:","value":["EU-/Nicht-EU-Landwirtschaft"]},{"key":"Zusatztext:","value":["Fleischlos glücklich rein pflanzlich, natürlich ohne Ei Qualitätsgarantie: gutes Eiweiß für Fitnessbewusste, hochwertige Bio-Zutaten ohne Gentechnik, ständig überwacht durch unabhängige Institutionen, für einen nachhaltigen Lifestyle, aktiver Pflanzenschutz (Pflanzen statt Tiere) Bestes Veggiehack und frischer Tofu, sonnengereifte Paprika und eine scharfe Gewürzmischung - so entstehen die perfekten Bratlinge für die neue Veggieburger-Generation. Tipp: Schmecken auch toll in Streifen geschnitten - z.B. über buntem Salat."]},{"key":"Kontakt:","value":["Tofutown","Tofustraße 1, 54578 Wiesbaum, Deutschland"]}],"nutritions":[],"tags":["Bio"]},
    {"url":"https://www.interspar.at/shop/lebensmittel/p/2020000751830","data":[{"key":"price","value":"3,49 €"},{"key":"oldPrice","value":"\n\t\t\t\t\t\n\t\t\t\t\t \n\t\t\t\t"},{"key":"pricePerUnit","value":"(17.45 €/kg)"},{"key":"productDetailsName","value":"Veggie Life - Frühlingsrollen 2 Stück - 200 G"},{"key":"detailsDescription","value":"200 G"},{"key":"articleNumber","value":"Artikelnummer: 2020000751830"},{"key":"Lagerhinweis:","value":["Gekühlt bei +4°C bis +8°C lagern."]},{"key":"Zutaten:","value":["Zutaten: Füllung (58%): Weißkohl* (44%), Möhren* (22%), Räuchertofu (SOJABOHNEN*, Trinkwasser, Gerinnungsmittel: Magnesiumchlorid (Nigari), SHOYU), Lauch* (9%), SOJAEIWEISS*, Gewürze*, Hefe*, Meersalz, jodiertes Speisesalz, Kräuter*, SELLERIE*; Teig (42%): Trinkwasser, WEIZENMEHL*, Sonnenblumenöl*, Meersalz. *aus kontrolliert biologischem Anbau. In Großbuchstaben angegebene Zutaten enthalten allegene Inhaltsstoffe."]},{"key":"Allergene:","value":["Enthält:Glutenhaltiges Getreide und daraus hergestellte Erzeugnisse, Sellerie und daraus gewonnene Erzeugnisse, Sojabohnen und daraus gewonnene Erzeugnisse"]},{"key":"Zubereitung:","value":["FrittierenFrühlingsrollen in einer Fritteuse beo 180°C insgesamt etwa 2 1/2 Minuten frittieren.","BackenDen Ofen auf etwa 200°C vorheizen. Ein Blech mit Backpapier auslegen und die Frühlingsrollen etwa 10 Minuten backen.","Braten mit wenig FettIn einer Pfanne etwas Öl erhitzen und die Frühlingsrollen rundum für etwa 3 Minuten kräftig anbraten."]},{"key":"Bio-Kontrollstelle:","value":["DE-ÖKO-001"]},{"key":"Ökoherkunft:","value":["EU-/Nicht-EU-Landwirtschaft"]},{"key":"Zusatztext:","value":["Fleischlos glücklich pflanzlich, natürlich ohne Ei Qualitätsgarantie: gutes Eiweiß für Fitnessbewusste, hochwertige Bio-Zutaten ohne Gentechnik, ständig überwacht durch unabhängige Institute, für einen nachhaltigen Lifestyle, aktiver Tierschutz (Pflanzen statt Tiere)"]},{"key":"Kontakt:","value":["Tofutown","Tofustraße 1, 54578 Wiesbaum, Deutschland"]}],"nutritions":[{"key":"","value":"Unzubereitet"},{"key":" ","value":"100 g"},{"key":"Energie","value":"937 kJ | 229 kcal"},{"key":"Fett","value":"9,8 g"},{"key":"Fett, davon gesättigte Fettsäuren","value":"2,8 g"},{"key":"Fett, davon einfach ungesättigte Fettsäuren","value":"2,4 g"},{"key":"Fett, davon mehrfach ungesättigte Fettsäuren","value":"4,6 g"},{"key":"Kohlenhydrate","value":"26,4 g"},{"key":"Kohlenhydrate, davon Zucker","value":"3,5 g"},{"key":"Ballaststoffe","value":"2,9 g"},{"key":"Eiweiß","value":"7,4 g"},{"key":"Salz","value":"1,1 g"}],"tags":["Bio"]},
    {"url":"https://www.interspar.at/shop/lebensmittel/p/2020000751854","data":[{"key":"price","value":"3,49 €"},{"key":"oldPrice","value":"\n\t\t\t\t\t\n\t\t\t\t\t \n\t\t\t\t"},{"key":"pricePerUnit","value":"(17.45 €/kg)"},{"key":"productDetailsName","value":"Veggie Life - Chick'n Nuggets 8 Stück - 200 G"},{"key":"detailsDescription","value":"200 G"},{"key":"articleNumber","value":"Artikelnummer: 2020000751854"},{"key":"Lagerhinweis:","value":["Gekühlt bei +4 bis 8°C lagern."]},{"key":"Zutaten:","value":["Zutaten: Tofu 26% (SOJABOHNEN*, Trinkwasser, Gerinnungsmittel: Magnesiumchlorid (Nigari)), Trinkwasser, WEIZENEIWEISS* (17%), Sonnenblumenöl*, Weizenpaniermehl (WEIZENMEHL*, Trinkwasser, Meersalz, Paprika*, Hefe*), Zwiebeln*, Meersalz, MANDELMEHL*, Hefe*, Verdickungsmittel: Johannisbrotkernmehl*, Gewürze*, Rohrohrzucker*, SELLERIE*. * aus kontrolliert biologischem Anbau. In Großbuchstaben angegebene Zutaten enthalten allergene Inhaltsstoffe."]},{"key":"Allergene:","value":["Enthält:Glutenhaltiges Getreide und daraus hergestellte Erzeugnisse, Schalenfrüchte und daraus gewonnene Erzeugnisse, Sellerie und daraus gewonnene Erzeugnisse, Sojabohnen und daraus gewonnene Erzeugnisse"]},{"key":"Zubereitung:","value":["BackenDen Ofen auf etwa 180°C vorheizen. Ein Blech mit Backpapier auslegen und die Chick'n Nuggets etwa 10 Minuten backen (besonders fettarm).","FrittierenIn einer Fritteuse bei 180°C etwa 2 1/2 Minuten frittieren.","Braten mit wenig FettIn einer Bratpfanne etwas Öl erhitzen, Chick`n Nuggets in der heißen Pfanne von beiden Seiten her je etwa 3 Minuten knusprig anbraten."]},{"key":"Bio-Kontrollstelle:","value":["DE-ÖKO-001"]},{"key":"Ökoherkunft:","value":["EU-/Nicht-EU-Landwirtschaft"]},{"key":"Zusatztext:","value":["Fleischlos glücklich pflanzlich, natürlich ohne Ei Qualitätsgarantie: gutes Eiweiß für Fitnessbewusste, hochwertige Bio-Zutaten ohne Gentechnik, ständig überwacht durch unabhängige Institute, für einen nachhaltigen Lifestyle, aktiver Tierschutz (Pflanzen statt Tiere)"]},{"key":"Kontakt:","value":["Tofutown","Tofustraße 1, 54578 Wiesbaum, Deutschland"]}],"nutritions":[{"key":"","value":"Unzubereitet"},{"key":" ","value":"100 g"},{"key":"Energie","value":"1105 kJ | 265 kcal"},{"key":"Fett","value":"14 g"},{"key":"Fett, davon gesättigte Fettsäuren","value":"2,3 g"},{"key":"Fett, davon einfach ungesättigte Fettsäuren","value":"4,4 g"},{"key":"Fett, davon mehrfach ungesättigte Fettsäuren","value":"7,2 g"},{"key":"Kohlenhydrate","value":"10 g"},{"key":"Kohlenhydrate, davon Zucker","value":"2,3 g"},{"key":"Ballaststoffe","value":"3,1 g"},{"key":"Eiweiß","value":"23 g"},{"key":"Salz","value":"1,9 g"}],"tags":["Bio"]},
    {"url":"https://www.interspar.at/shop/lebensmittel/p/2020000751861","data":[{"key":"price","value":"3,49 €"},{"key":"oldPrice","value":"\n\t\t\t\t\t\n\t\t\t\t\t \n\t\t\t\t"},{"key":"pricePerUnit","value":"(13.96 €/kg)"},{"key":"productDetailsName","value":"Veggie Life - Veggie Knuspersticks 6 Stück - 250 G"},{"key":"detailsDescription","value":"250 G"},{"key":"articleNumber","value":"Artikelnummer: 2020000751861"},{"key":"Lagerhinweis:","value":["Gekühlt bei +4°C bis +8°C lagern."]},{"key":"Zutaten:","value":["Zutaten: Naturreis*, Möhren*, Tofu (15%) (SOJABOHNEN*, Trinkwasser, Gerinnungsmittel: Magnesiumchlorid (Nigari)), HAFERFLOCKEN*, Erbsen* (10%), roter Gemüsepaprika* (7%), Mais* (6%), Sonnenblumenöl*, Weizenpaniermehl (WEIZENMEHL*, Trinkwasser, Meersalz, Paprika*, Hefe*), Sonnenblumenkerne*, Brokkoli* (2%), Sojasauce (Trinkwasser, SOJABOHNEN, Meersalz, WEIZEN*), Meersalz, Lauch* (1%), Gewürze*. *aus kontrolliert biologischem Anbau. In Großbuchstaben angegebene Zutaten enthalten allergene Inhaltsstoffe."]},{"key":"Allergene:","value":["Enthält:Glutenhaltiges Getreide und daraus hergestellte Erzeugnisse, Sojabohnen und daraus gewonnene Erzeugnisse"]},{"key":"Zubereitung:","value":["Braten mit wenig FettIn einer Bratpfanne etwas Öl erhitzen, Veggie Knuspersticks bei mittlerer Hitze etwa 3 Minuten von beiden Seiten knusprig braten.","BackenBackblech mit Backpapier auslegen und Veggie Knuspersticks im vorgeheizten Ofen bei 180°C etwa 10 Minuten backen."]},{"key":"Bio-Kontrollstelle:","value":["DE-ÖKO-001"]},{"key":"Ökoherkunft:","value":["EU-/Nicht-EU-Landwirtschaft"]},{"key":"Zusatztext:","value":["Fleischlos glücklich pflanzlich, natürlich ohne EiQualitätsgarantie: gutes Eiweiß für Fitnessbewusste, hochwertige Bio-Zutaten ohne Gentechnik, ständig überwacht durch unabhängige Institute, für einen nachhaltigen Lifestyle, aktiver Tierschutz (Pflanzen statt Tiere)"]},{"key":"Kontakt:","value":["Tofutown","Tofustraße 1, 54578 Wiesbaum, Deutschland"]}],"nutritions":[{"key":"","value":"Unzubereitet"},{"key":" ","value":"100 g"},{"key":"Energie","value":"956 kJ | 228 kcal"},{"key":"Fett","value":"11,4 g"},{"key":"Fett, davon gesättigte Fettsäuren","value":"1,3 g"},{"key":"Fett, davon einfach ungesättigte Fettsäuren","value":"2,7 g"},{"key":"Fett, davon mehrfach ungesättigte Fettsäuren","value":"7,4 g"},{"key":"Kohlenhydrate","value":"22,4 g"},{"key":"Kohlenhydrate, davon Zucker","value":"3,3 g"},{"key":"Eiweiß","value":"7,4 g"},{"key":"Salz","value":"0,93 g"}],"tags":["Bio"]},
    {"url":"https://www.interspar.at/shop/lebensmittel/p/2020000751885","data":[{"key":"price","value":"3,49 €"},{"key":"oldPrice","value":"\n\t\t\t\t\t\n\t\t\t\t\t \n\t\t\t\t"},{"key":"pricePerUnit","value":"(13.96 €/kg)"},{"key":"productDetailsName","value":"Veggie Life - Veggie Bolognese - 250 G"},{"key":"detailsDescription","value":"250 G"},{"key":"articleNumber","value":"Artikelnummer: 2020000751885"},{"key":"Lagerhinweis:","value":["Gekühlt bei +4°C bis +8°C lagern."]},{"key":"Zutaten:","value":["Zutaten: Trinkwasser, gehacktes SOJAEIWEISS* (17%), Tomatenmark* (10%), Sonnenblumenöl*, Sojasauce (Trinkwasser, SOJABOHNEN*, Meersalz, WEIZEN*), Meersalz, Rohrohrzucker*, Röstzwiebeln* (Zwiebeln*, Palmöl*, WEIZENMEHL*, Speisesalz), Gewürze*, Verdickungsmittel: Johannisbrotkernmehl*, Hefe*. * aus kontrolliert biologischem Anbau. In Großbuchstaben angegebene Zutaten enthalten allergene Inhaltsstoffe."]},{"key":"Allergene:","value":["Enthält:Glutenhaltiges Getreide und daraus hergestellte Erzeugnisse, Sojabohnen und daraus gewonnene Erzeugnisse"]},{"key":"Zubereitung:","value":["Sieden in kochender FlüssigkeitVeggie Bolognese im Originalbeutel in siedendes Wasser geben und etwa 5 Minuten ziehen lassen.","Braten mit wenig FettVeggie Bolognese in einer Pfanne insgesamt etwa 3 Minuten anbraten."]},{"key":"Bio-Kontrollstelle:","value":["DE-ÖKO-001"]},{"key":"Ökoherkunft:","value":["EU-/Nicht-EU-Landwirtschaft"]},{"key":"Zusatztext:","value":["fleischlos glücklich pflanzlich, natürlich ohne Ei Qualitätsgarantie: gutes Eiweiß für Fitnessbewusste, hochwertige Bio-Zutaten ohne Gentechnik, ständig überwacht durch unabhängige Institute, für einen nachhaltigen Lifestyle, aktiver Tierschutz (Pflanzen statt Tiere)"]},{"key":"Kontakt:","value":["Tofutown","Tofustraße 1, 54578 Wiesbaum, Deutschland"]}],"nutritions":[{"key":"","value":"Unzubereitet"},{"key":" ","value":"100 g"},{"key":"Energie","value":"675 kJ | 162 kcal"},{"key":"Fett","value":"10 g"},{"key":"Fett, davon gesättigte Fettsäuren","value":"6,5 g"},{"key":"Fett, davon einfach ungesättigte Fettsäuren","value":"1,2 g"},{"key":"Fett, davon mehrfach ungesättigte Fettsäuren","value":"2,3 g"},{"key":"Kohlenhydrate","value":"5,9 g"},{"key":"Kohlenhydrate, davon Zucker","value":"5,9 g"},{"key":"Ballaststoffe","value":"5,6 g"},{"key":"Eiweiß","value":"9,4 g"},{"key":"Salz","value":"1,68 g"}],"tags":["Bio"]},
    {"url":"https://www.interspar.at/shop/lebensmittel/p/2020000751908","data":[{"key":"price","value":"3,59 €"},{"key":"oldPrice","value":"\n\t\t\t\t\t\n\t\t\t\t\t \n\t\t\t\t"},{"key":"pricePerUnit","value":"(23.93 €/kg)"},{"key":"productDetailsName","value":"Veggie Life - Veggie Hackbällchen 7 Stück - 150 G"},{"key":"detailsDescription","value":"150 G"},{"key":"articleNumber","value":"Artikelnummer: 2020000751908"},{"key":"Lagerhinweis:","value":["Gekühlt bei +4°C bis +8°C lagern."]},{"key":"Zutaten:","value":["Zutaten: WEIZENEIWEISS* (30%), Zwiebeln* (15%), HAFERFLOCKEN* (12%), Sonnenblumenöl*, SOJAEIWEISS*, Sojasauce (Trinkwasser, SOJABOHNEN*, Meersalz, WEIZEN*), Tofu (SOJABOHNEN*, Trinkwasser, Gerinnungsmittel: Magnesiumchlorid (Nigari)), Röstzwiebeln (Zwiebeln*, Palmöl*, WEIZENMEHL*, Speisesalz), Trinkwasser, Tomatenmark*, Gewürze*, Hefe*, Meersalz*, Rohrohrzucker*, Pfeffer*, Kräuter. *aus kontrolliert biologischem Anbau. In Großbuchstaben angegebene Zutaten enthalten allergene Inhaltsstoffe."]},{"key":"Allergene:","value":["Kann Spuren enthalten von:Sellerie und daraus gewonnene Erzeugnisse","Enthält:Glutenhaltiges Getreide und daraus hergestellte Erzeugnisse, Sojabohnen und daraus gewonnene Erzeugnisse"]},{"key":"Zubereitung:","value":["Erhitzen und servierenDiese Veggie Life Mahlzeit ist bereits fertig zubereitet. Sie kann schnell und einfach in der Pfanne (3 Minuten), der Mikrowelle (2 Minuten/700 W) oder einem Wasserbad erwärmt werden. Bei Erwärmen in der Mikrowelle bitte vorher einige Löcher in die obere Folie stechen."]},{"key":"Bio-Kontrollstelle:","value":["DE-ÖKO-001"]},{"key":"Ökoherkunft:","value":["EU-/Nicht-EU-Landwirtschaft"]},{"key":"Zusatztext:","value":["Fleischlos glücklich rein pflanzlich, natürlich ohne Ei Qualitätsgarantie: gutes Eiweiß für Fitnessbewusste, hochwertige Bio-Zutaten ohne Gentechnik, ständig überwacht durch unabhängige Institute, für einen nachhaltigen Lifestyle, aktiver Tierschutz (Pflanzen statt Tiere)"]},{"key":"Kontakt:","value":["Tofutown","Tofustraße 1, 54578 Wiesbaum, Deutschland"]}],"nutritions":[{"key":"","value":"Unzubereitet"},{"key":" ","value":"100 g"},{"key":"Energie","value":"1081 kJ | 258 kcal"},{"key":"Fett","value":"12 g"},{"key":"Fett, davon gesättigte Fettsäuren","value":"1,6 g"},{"key":"Fett, davon einfach ungesättigte Fettsäuren","value":"4,6 g"},{"key":"Fett, davon mehrfach ungesättigte Fettsäuren","value":"6,1 g"},{"key":"Kohlenhydrate","value":"11 g"},{"key":"Kohlenhydrate, davon Zucker","value":"1,8 g"},{"key":"Ballaststoffe","value":"3,2 g"},{"key":"Eiweiß","value":"25 g"},{"key":"Salz","value":"1,1 g"}],"tags":["Bio"]},
    {"url":"https://www.interspar.at/shop/lebensmittel/p/2020000751946","data":[{"key":"price","value":"3,49 €"},{"key":"oldPrice","value":"\n\t\t\t\t\t\n\t\t\t\t\t \n\t\t\t\t"},{"key":"pricePerUnit","value":"(13.96 €/kg)"},{"key":"productDetailsName","value":"Veggie Life - Tofu Queen - 250 G"},{"key":"detailsDescription","value":"250 G"},{"key":"articleNumber","value":"Artikelnummer: 2020000751946"},{"key":"Lagerhinweis:","value":["Gekühlt bei +4°C bis +8°C lagern."]},{"key":"Zutaten:","value":["Zutaten: Sauce (60%) (Tomatenmark*, Trinkwasser, Rohrohrzucker*, Sonnenblumenöl*, Apfelessig*, Meersalz, Curry*, Verdickungsmittel: Johannisbrotkernmehl*, Hefe*); VeggieFresh Bratwurst (40%) (Tofu [SOJABOHNEN*, Trinkwasser, Gerinnungsmittel: Magnesiumchlorid], Trinkwasser, WEIZENEIWEISS*, Sonnenblumenöl*, Meersalz, Gewürze*, Rohrzucker*, Verdickungsmittel: Johannisbrotkernmehl*, Kräuter*, SELLERIE*). *aus kontrolliert biologischem Anbau. In Großbuchstaben angegebene Zutaten enthalten allergene Inhaltsstoffe."]},{"key":"Allergene:","value":["Enthält:Glutenhaltiges Getreide und daraus hergestellte Erzeugnisse, Sellerie und daraus gewonnene Erzeugnisse, Sojabohnen und daraus gewonnene Erzeugnisse"]},{"key":"Zubereitung:","value":["Erhitzen und servierenEinfach in der Pfanne (3 Minuten), der Mikrowelle (2 Minuten/700W) oder einem Wasserbad (5 Minuten) erwärmen. Bitte vor Erhitzen in der Schale beide Etiketten entfernen. Bei Verwendung einer Mikrowelle einige Löcher in die obere Folie stechen."]},{"key":"Bio-Kontrollstelle:","value":["DE-ÖKO-001"]},{"key":"Ökoherkunft:","value":["EU-/Nicht-EU-Landwirtschaft"]},{"key":"Zusatztext:","value":["Fleischlos glücklich pflanzlich, natürlich ohne Ei Qualtitätsgarantie: gutes Eiweiß für Fitnessbewusste, hochwertige Bio-Zutaten ohne Gentechnik, ständig überwacht durch unabhängige Institute, für einen nachhaltigen Lifestyle, aktiver Tierschutz (Pflanzen statt Tiere)inklusive Gabel"]},{"key":"Kontakt:","value":["Tofutown","Tofustraße 1, 54578 Wiesbaum, Deutschland"]}],"nutritions":[{"key":"","value":"Unzubereitet"},{"key":" ","value":"100 g"},{"key":"Energie","value":"810 kJ | 195 kcal"},{"key":"Fett","value":"9,6 g"},{"key":"Fett, davon gesättigte Fettsäuren","value":"1,3 g"},{"key":"Kohlenhydrate","value":"13,5 g"},{"key":"Kohlenhydrate, davon Zucker","value":"6,8 g"},{"key":"Ballaststoffe","value":"1,8 g"},{"key":"Eiweiß","value":"12 g"},{"key":"Salz","value":"2,62 g"}],"tags":["Bio"]},
    {"url":"https://www.interspar.at/shop/lebensmittel/p/2020000751977","data":[{"key":"price","value":"3,59 €"},{"key":"oldPrice","value":"\n\t\t\t\t\t\n\t\t\t\t\t \n\t\t\t\t"},{"key":"pricePerUnit","value":"(14.36 €/kg)"},{"key":"productDetailsName","value":"Veggie Life - Paprika Veggie Gulasch - 250 G"},{"key":"detailsDescription","value":"250 G"},{"key":"articleNumber","value":"Artikelnummer: 2020000751977"},{"key":"Lagerhinweis:","value":["Gekühlt bei +4°C bis +8°C lagern."]},{"key":"Zutaten:","value":["Zutaten: Trinkwasser, Tofu (13%) (SOJABOHNEN*, Trinkwasser, Gerinnungsmittel: Magnesiumchlorid (Nigari)), Sonnenblumenöl*, WEIZENEIWEISS* (11%), roter Gemüsepaprika* (7%), Tomatenmark*, Röstzwiebeln (Zwiebeln*, Palmöl*, WEIZENMEHL*, Speisesalz), Sojasauce (Trinkwasser, SOJABOHNEN*, Meersalz, WEIZEN*), Rohrohrzucker*, Paprika edelsüß*, Meersalz, Gewürze*, Verdickungsmittel: Johannisbrotkernmehl*, Hefe*. * aus kontrolliert biologischem Anbau. In Großbuchstaben angegebene Zutaten enthalten allergene Inhaltsstoffe."]},{"key":"Allergene:","value":["Enthält:Glutenhaltiges Getreide und daraus hergestellte Erzeugnisse, Sojabohnen und daraus gewonnene Erzeugnisse"]},{"key":"Zubereitung:","value":["Erhitzen und servierenDiese Veggie Life Mahlzeit ist bereits fertig zubereitet. Sie kann schnell und einfach in der Pfanne (3 Minuten), der Mikrowelle (2 Minuten/700W) oder einem Wasserbad (5 Minuten) erwärmt werden. Bei Erwärmen in der Mikrowelle bitte vorher einige Löcher in die obere Folie stechen."]},{"key":"Bio-Kontrollstelle:","value":["DE-ÖKO-001"]},{"key":"Ökoherkunft:","value":["EU-/Nicht-EU-Landwirtschaft"]},{"key":"Zusatztext:","value":["Fleischlos macht glücklich rein pflanzlich, natürlich ohne Ei Qualitätsgarantie: gutes Eiweiß für Fitnessbewusste, hochwertige Bio-Zutaten ohne Gentechnik, ständig überwacht durch unabhängige Institute, für einen nachhaltigen Lifestyle, aktiver Tierschutz (Pflanzen statt Tiere)"]},{"key":"Kontakt:","value":["Tofutown","Tofustraße 1, 54578 Wiesbaum, Deutschland"]}],"nutritions":[{"key":"","value":"Unzubereitet"},{"key":" ","value":"100 g"},{"key":"Energie","value":"960 kJ | 231 kcal"},{"key":"Fett","value":"16 g"},{"key":"Fett, davon gesättigte Fettsäuren","value":"2,5 g"},{"key":"Fett, davon einfach ungesättigte Fettsäuren","value":"5,3 g"},{"key":"Fett, davon mehrfach ungesättigte Fettsäuren","value":"7,7 g"},{"key":"Kohlenhydrate","value":"8,8 g"},{"key":"Kohlenhydrate, davon Zucker","value":"6,8 g"},{"key":"Ballaststoffe","value":"3,2 g"},{"key":"Eiweiß","value":"12 g"},{"key":"Salz","value":"1,8 g"}],"tags":["Bio"]},
    {"url":"https://www.interspar.at/shop/lebensmittel/p/2020000860549","data":[{"key":"price","value":"0,99 €"},{"key":"oldPrice","value":"\n\t\t\t\t\t\n\t\t\t\t\tstatt 1,69 €\n\t\t\t\t"},{"key":"pricePerUnit","value":"(9.52 €/kg)"},{"key":"productDetailsName","value":"Nestlé Nesquik - Snack Milch 4 x 26g - 104 G"},{"key":"detailsDescription","value":"104 G"},{"key":"articleNumber","value":"Artikelnummer: 2020000860549"},{"key":"Lagerhinweis:","value":["Bei max. +8°C aufbewahren."]},{"key":"Zutaten:","value":["Zutaten: VOLLMILCH 17%, Palmkernfett, Zucker, WEIZENMEHL, gezuckerte KONDENSVOLLMILCH (VOLLMILCH, Zucker) 9%, VOLLEI, MAGERMILCHPULVER 4,5%, Glukose-Fruktose Sirup, Honig, BUTTER, Glukosesirup, Dextrose, fettarmer Kakao, Stärke, Sonnenblummenöl, Margarine (Palmöl, Wasser), EIGELB, Emulgator (Mono-und Diglyceride von Speisefettsäuren), Backtriebmittel: E450, E500, E503 (mit WEIZEN), Salz, Aromen. In Großbuchstaben angegebene Zutaten enthalten allergene Inhaltsstoffe."]},{"key":"Allergene:","value":["Enthält:Eier und daraus gewonnene Erzeugnisse, Glutenhaltiges Getreide und daraus hergestellte Erzeugnisse, Milch und daraus gewonnene Erzeugnisse (inkl. Laktose)"]},{"key":"Kontakt:","value":["Nestlé Österreich GmbH","Am Euro Platz 2, 1120 Wien, Österreich"]}],"nutritions":[{"key":"","value":"Unzubereitet"},{"key":" ","value":"100 g"},{"key":"Energie","value":"1718 kJ | 411 kcal"},{"key":"Fett","value":"22,5 g"},{"key":"Fett, davon gesättigte Fettsäuren","value":"10,7 g"},{"key":"Kohlenhydrate","value":"45 g"},{"key":"Kohlenhydrate, davon Zucker","value":"30,4 g"},{"key":"Ballaststoffe","value":"1,4 g"},{"key":"Eiweiß","value":"6,4 g"},{"key":"Salz","value":"0,46 g"},{"key":"","value":"Unzubereitet"},{"key":" ","value":"Portion (26 g)"},{"key":"Energie","value":"107 kJ | 447 kcal"},{"key":"Fett","value":"5,9 g"},{"key":"Fett, davon gesättigte Fettsäuren","value":"2,8 g"},{"key":"Kohlenhydrate","value":"11,7 g"},{"key":"Kohlenhydrate, davon Zucker","value":"7,9 g"},{"key":"Ballaststoffe","value":"0,4 g"},{"key":"Eiweiß","value":"1,7 g"},{"key":"Salz","value":"0,12 g"}],"tags":[]},
    {"url":"https://www.interspar.at/shop/lebensmittel/p/2020001001095","data":[{"key":"price","value":"1,89 €"},{"key":"oldPrice","value":"\n\t\t\t\t\t\n\t\t\t\t\t \n\t\t\t\t"},{"key":"pricePerUnit","value":"(23.63 €/kg)"},{"key":"productDetailsName","value":"die Ohne - Leberkäse - 80 G"},{"key":"detailsDescription","value":"80 G"},{"key":"articleNumber","value":"Artikelnummer: 2020001001095"},{"key":"Lagerhinweis:","value":["Gekühlt lagern unter +7°C. Nach dem Öffnen gekühlt lagern und innerhalb von 2 Tagen verbrauchen."]},{"key":"Zutaten:","value":["Zutaten: Trinkwasser, Sonnenblumenöl, MILCHEIWEISS (6%), HÜHNEREI-EIWEISS, Erbseneiweiß (3%), Speisesalz, Zucker, Maltodextrin, Dextrose, Paprikaextrakt, Aroniabeerenextrakt, Gewürze, Verdickungsmittel: Carrageen und Johannisbrotkernmehl, Farbstoff: Lycopin aus roten Tomaten, Säureregulatoren: Natriumacetat und Natriumlactat, Antioxidationsmittel: Ascorbinsäure, Geschmacksverstärker: Mononatriumglutamat, Dinatriumguanylat und Dinatriuminosinat, Würze (Eiweißhydrolysat aus MOLKE, Raps und Mais, Rapsöl), Aroma. In Großbuchtstaben angegebene Zutaten enthalten allergene Inhaltsstoffe."]},{"key":"Allergene:","value":["Enthält:Eier und daraus gewonnene Erzeugnisse, Milch und daraus gewonnene Erzeugnisse (inkl. Laktose)"]},{"key":"","value":["Eiweißquelleohne Fleisch ohne Konservierungsstoffe gemäß Verordnung"]},{"key":"","value":["Frei von Soja","Glutenfrei"]},{"key":"Zusatztext:","value":["Als Alternative zu konventionellem Leberkäse.Im Ofen gebacken!"]},{"key":"Verbrauchen nach dem Öffnen:","value":["2 Tage"]},{"key":"Kontakt:","value":["Landhof GesmbH & Co KG","Lederergasse 59, 4020 Linz, Österreich"]}],"nutritions":[{"key":"","value":"Unzubereitet"},{"key":" ","value":"100 g"},{"key":"Energie","value":"797 kJ | 191 kcal"},{"key":"Fett","value":"13 g"},{"key":"Fett, davon gesättigte Fettsäuren","value":"1,6 g"},{"key":"Kohlenhydrate","value":"5,2 g"},{"key":"Kohlenhydrate, davon Zucker","value":"2,3 g"},{"key":"Eiweiß","value":"13 g"},{"key":"Salz","value":"2,7 g"}],"tags":["Vegetarisch","Glutenfrei"]},
    {"url":"https://www.interspar.at/shop/lebensmittel/p/2020001001118","data":[{"key":"price","value":"1,89 €"},{"key":"oldPrice","value":"\n\t\t\t\t\t\n\t\t\t\t\t \n\t\t\t\t"},{"key":"pricePerUnit","value":"(23.63 €/kg)"},{"key":"productDetailsName","value":"die Ohne - Leberkäse Pfefferoni - 80 G"},{"key":"detailsDescription","value":"80 G"},{"key":"articleNumber","value":"Artikelnummer: 2020001001118"},{"key":"Lagerhinweis:","value":["Gekühlt lagern unter +7°C. Nach dem Öffnen gekühlt lagern und innerhalb von 2 Tagen verbrauchen."]},{"key":"Zutaten:","value":["Zutaten: Trinkwasser, Sonnenblumenöl, Pfefferoni 12% (Pfefferoni, Säureessig, Speisesalz, Säuerungsmittel: Citronensäure), MILCHEIWEISS 5%, HÜHNEREI-EIWEISS, Erbseneiweiß 3%, Speisesalz, Zucker, Maltodextrin, Dextrose, Paprikaextrakt, Aroniabeerenextrakt, Gewürze, Gewürzextrakte, Verdickungsmittel: Carrageen und Johannisbrotkernmehl, Farbstoff: Lycopin aus roten Tomaten, Säureregulatoren: Natriumacetat und Natriumlactat, Antioxidationsmittel: Ascorbinsäure, Geschmacksverstärker: Mononatriumglutamat, Dinatriumguanylat und Dinatriuminosinat, Würze (Eiweißhydrolysat aus MOLKE, Raps und Mais, Rapsöl), Aroma. In Großbuchstaben angegebene Zutaten enthalten allergene Inhaltsstoffe."]},{"key":"Allergene:","value":["Enthält:Eier und daraus gewonnene Erzeugnisse, Milch und daraus gewonnene Erzeugnisse (inkl. Laktose)"]},{"key":"","value":["Eiweißquelle ohne Fleisch ohne Konservierungsstoffe gemäß Verordnung"]},{"key":"","value":["Frei von Soja","Glutenfrei"]},{"key":"Zusatztext:","value":["Als Alternative zu konventionellem Leberkäse. Im Ofen gebacken!"]},{"key":"Verbrauchen nach dem Öffnen:","value":["2 Tage"]},{"key":"Kontakt:","value":["Landhof GesmbH & Co KG","Lederergasse 59, 4020 Linz, Österreich"]}],"nutritions":[{"key":"","value":"Unzubereitet"},{"key":" ","value":"100 g"},{"key":"Energie","value":"698 kJ | 168 kcal"},{"key":"Fett","value":"11 g"},{"key":"Fett, davon gesättigte Fettsäuren","value":"1,4 g"},{"key":"Kohlenhydrate","value":"4,8 g"},{"key":"Kohlenhydrate, davon Zucker","value":"2 g"},{"key":"Eiweiß","value":"12 g"},{"key":"Salz","value":"2,7 g"}],"tags":["Vegetarisch","Glutenfrei"]},
    {"url":"https://www.interspar.at/shop/lebensmittel/p/2020001001163","data":[{"key":"price","value":"3,49 €"},{"key":"oldPrice","value":"\n\t\t\t\t\t\n\t\t\t\t\t \n\t\t\t\t"},{"key":"pricePerUnit","value":"(17.45 €/kg)"},{"key":"productDetailsName","value":"die Ohne - Leberkäse Käse - 200 G"},{"key":"detailsDescription","value":"200 G"},{"key":"articleNumber","value":"Artikelnummer: 2020001001163"},{"key":"Lagerhinweis:","value":["Gekühlt lagern unter +7°C. Nach dem Öffnen gekühlt lagern und innerhalb von 2 Tagen verbrauchen."]},{"key":"Zutaten:","value":["Zutaten: Trinkwasser, KÄSE 19%, Sonnenblumenöl, MILCHEIWEISS 5%, HÜHNEREI-EIWEISS, Erbseneiweiß 3%, Speisesalz, Zucker, Maltodextrin, Dextrose, Paprikaextrakt, Aroniabeerenextrakt, Gewürze, Gewürzextrakte, Verdickungsmittel: Carrageen und Johannisbrotkernmehl, Farbstoff: Lycopin aus roten Tomaten, Säureregulatoren: Natriumacetat und Natriumlactat, Antioxidationsmittel: Ascorbinsäure, Geschmacksverstärker: Mononatriumglutamat, Dinatriumguanylat und Dinatriuminosinat, Würze (Eweißhydrolysate aus MOLKE, Raps und Mais, Rapsöl), Aroma. In Großbuchstaben angegebene Zutaten enthalten allergene Inhaltsstoffe."]},{"key":"Allergene:","value":["Enthält:Eier und daraus gewonnene Erzeugnisse, Milch und daraus gewonnene Erzeugnisse (inkl. Laktose)"]},{"key":"","value":["Eiweißquelle ohne Fleisch ohne Konservierungsstoffe gemäß Verordnung"]},{"key":"","value":["Frei von Soja","Glutenfrei"]},{"key":"Zusatztext:","value":["Als Alternative zu konventionellem Leberkäse. Im Ofen gebacken!"]},{"key":"Verbrauchen nach dem Öffnen:","value":["2 Tage"]},{"key":"Verwendungshinweis:","value":["Für den warmen und kalten Verzehr."]},{"key":"Kontakt:","value":["Landhof GesmbH & Co KG","Lederergasse 59, 4020 Linz, Österreich"]}],"nutritions":[{"key":"","value":"Unzubereitet"},{"key":" ","value":"100 g"},{"key":"Energie","value":"906 kJ | 218 kcal"},{"key":"Fett","value":"15 g"},{"key":"Fett, davon gesättigte Fettsäuren","value":"4,4 g"},{"key":"Kohlenhydrate","value":"4,3 g"},{"key":"Kohlenhydrate, davon Zucker","value":"1,9 g"},{"key":"Eiweiß","value":"16 g"},{"key":"Salz","value":"2,4 g"}],"tags":["Vegetarisch","Glutenfrei"]},
    {"url":"https://www.interspar.at/shop/lebensmittel/p/2020001001194","data":[{"key":"price","value":"3,49 €"},{"key":"oldPrice","value":"\n\t\t\t\t\t\n\t\t\t\t\t \n\t\t\t\t"},{"key":"pricePerUnit","value":"(17.45 €/kg)"},{"key":"productDetailsName","value":"die Ohne - Frankfurter Käse - 200 G"},{"key":"detailsDescription","value":"200 G"},{"key":"articleNumber","value":"Artikelnummer: 2020001001194"},{"key":"Lagerhinweis:","value":["Gekühlt lagern unter +7°C. Nach dem Öffnen gekühlt lagern und innerhalb von 2 Tagen verbrauchen."]},{"key":"Zutaten:","value":["Zutaten: Trinkwasser, KÄSE 18%, Sonnenblumenöl, HÜHNEREI-EIWEISS 7%, MILCHEIWEISS 5%, Erbseneiweiß 2%, Speisesalz unjodiert, Gewürze, Gewürzextrakte, Paprikaextrakte, Aroniabeerenextrakt, Verdickungsmittel: Carrageen, Johannisbrotkernmehl und Xanthan, Eiweißhydrolysate aus Raps, Mais und MOLKE, Zucker, Dextrose, Maltodextrin, Farbstoff: Lycopin aus roten Tomaten, Antioxidationsmittel: Ascorbinsäure, Raucharoma, Rauch. In Großbuchstaben angegebene Zutaten enthalten allergene Inhaltsstoffe."]},{"key":"Allergene:","value":["Enthält:Eier und daraus gewonnene Erzeugnisse, Milch und daraus gewonnene Erzeugnisse (inkl. Laktose)"]},{"key":"","value":["Eiweißquelle ohne Fleisch ohne Konservierungsmittel gemäß Verordnungohne Geschmacksverstärker"]},{"key":"","value":["Frei von Soja","Glutenfrei"]},{"key":"Zusatztext:","value":["Als Alternative zu konventionellen Wurstwaren."]},{"key":"Verbrauchen nach dem Öffnen:","value":["2 Tage"]},{"key":"Kontakt:","value":["Landhof GesmbH & Co KG","Lederergasse 59, 4020 Linz, Österreich"]}],"nutritions":[{"key":"","value":"Unzubereitet"},{"key":" ","value":"100 g"},{"key":"Energie","value":"1152 kJ | 277 kcal"},{"key":"Fett","value":"21 g"},{"key":"Fett, davon gesättigte Fettsäuren","value":"5,6 g"},{"key":"Kohlenhydrate","value":"3,6 g"},{"key":"Kohlenhydrate, davon Zucker","value":"2,1 g"},{"key":"Eiweiß","value":"18 g"},{"key":"Salz","value":"2,7 g"}],"tags":["Vegetarisch","Glutenfrei"]},
    {"url":"https://www.interspar.at/shop/lebensmittel/p/2020001001200","data":[{"key":"price","value":"3,49 €"},{"key":"oldPrice","value":"\n\t\t\t\t\t\n\t\t\t\t\t \n\t\t\t\t"},{"key":"pricePerUnit","value":"(17.45 €/kg)"},{"key":"productDetailsName","value":"die Ohne - Debreziner - 200 G"},{"key":"detailsDescription","value":"200 G"},{"key":"articleNumber","value":"Artikelnummer: 2020001001200"},{"key":"Lagerhinweis:","value":["Gekühlt lagern unter +7°C. Nach dem Öffnen gekühlt lagern und innerhalb von 2 Tagen verbrauchen."]},{"key":"Zutaten:","value":["Zutaten: Trinkwasser, Sonnenblumenöl, HÜHNEREI-EIWEISS 9%, MILCHEIWEISS 6%, Erbseneiweiß 2%, Speisesalz unjodiert, Gewürze, Gewürzextrakte, Paprikaextrakt, Aroniabeerenextrakt, Chili, Verdickungsmittel: Carrageen, Johannisbrotkernmehl und Xanthan, Zucker, Dextrose, Maltodextrin, Eiweißhydrolysat aus MOLKE, Farbstoff: Lycopin aus roten Tomaten, Aroma, Raucharoma, Rauch. In Großbuchstaben angegebene Zutaten enthalten allergene Inhaltsstoffe."]},{"key":"Allergene:","value":["Enthält:Eier und daraus gewonnene Erzeugnisse, Milch und daraus gewonnene Erzeugnisse (inkl. Laktose)"]},{"key":"","value":["Eiweißquelle ohne Fleischohne Konservierungsstoffe gemäß Verordnung ohne Geschmacksverstärker"]},{"key":"","value":["Glutenfrei","Frei von Soja"]},{"key":"Zusatztext:","value":["Als Alternative zu konventionellen Wurstwaren."]},{"key":"Verbrauchen nach dem Öffnen:","value":["2 Tage"]},{"key":"Kontakt:","value":["Landhof GesmbH & Co KG","Lederergasse 59, 4020 Linz, Österreich"]}],"nutritions":[{"key":"","value":"Unzubereitet"},{"key":" ","value":"100 g"},{"key":"Energie","value":"1072 kJ | 258 kcal"},{"key":"Fett","value":"19 g"},{"key":"Fett, davon gesättigte Fettsäuren","value":"2 g"},{"key":"Kohlenhydrate","value":"5,8 g"},{"key":"Kohlenhydrate, davon Zucker","value":"3,1 g"},{"key":"Eiweiß","value":"15 g"},{"key":"Salz","value":"3,2 g"}],"tags":["Vegetarisch","Glutenfrei"]},
    {"url":"https://www.interspar.at/shop/lebensmittel/p/2020001189878","data":[{"key":"price","value":"5,99 €"},{"key":"oldPrice","value":"\n\t\t\t\t\t\n\t\t\t\t\t \n\t\t\t\t"},{"key":"pricePerUnit","value":"(27.23 €/kg)"},{"key":"productDetailsName","value":"Wiesbauer - Entenbrustfilet Barbarie - 220 G"},{"key":"detailsDescription","value":"220 G"},{"key":"articleNumber","value":"Artikelnummer: 2020001189878"},{"key":"Lagerhinweis:","value":["Gekühlt lagern bei +2°C bis +7°C. Nach dem Öffnen unmittelbar genießen."]},{"key":"Zutaten:","value":["Zutaten: Entenbrust, Speisesalz."]},{"key":"Zubereitung:","value":["Grillen mit direkter HitzeBeutel für 5 Minuten in ca. 70°C bis 80°C heißes Wasser geben. Die Entenbrust herausnehmen auf jeder Seite 3-4 Minuten ohne Öl in einer Teflon-/Keramikpfanne anbraten, die Hautseite zuerst. Tipp von Helmut Österreicher: Die Entenbrust vor dem Anbraten mit einer Stoffserviette abtupfen. Aus der Pfanne nehmen und vor dem Aufschneiden 1 Minute rasten lassen."]},{"key":"Identitätskennzeichen:","value":["AT 31538 EG"]},{"key":"Kontakt:","value":["Wiesbauer Gourmet Gastro GmbH","Indusriestraße 5, 3454 Sitzenberg-Reidling, Österreich"]}],"nutritions":[{"key":"","value":"Unzubereitet"},{"key":" ","value":"100 g"},{"key":"Energie","value":"867 kJ | 208 kcal"},{"key":"Fett","value":"14 g"},{"key":"Fett, davon gesättigte Fettsäuren","value":"6 g"},{"key":"Kohlenhydrate","value":"< 0,5 g"},{"key":"Kohlenhydrate, davon Zucker","value":"< 0,5 g"},{"key":"Eiweiß","value":"20 g"},{"key":"Salz","value":"1,1 g"}],"tags":["Glutenfrei","Lactosefrei"]},
    {"url":"https://www.interspar.at/shop/lebensmittel/p/2020001189922","data":[{"key":"price","value":"4,99 €"},{"key":"oldPrice","value":"\n\t\t\t\t\t\n\t\t\t\t\t \n\t\t\t\t"},{"key":"pricePerUnit","value":"(14.26 €/kg)"},{"key":"productDetailsName","value":"Wiesbauer - Pfandl-Schweinsbraten - 350 G"},{"key":"detailsDescription","value":"350 G"},{"key":"articleNumber","value":"Artikelnummer: 2020001189922"},{"key":"Lagerhinweis:","value":["Gekühlt lagern bei +2°C bis +7°C. Nach dem Öffnen unmittelbar genießen."]},{"key":"Zutaten:","value":["Zutaten: Schweineschulter, Speisesalz, Gewürze."]},{"key":"Zubereitung:","value":["Grillen mit direkter HitzeBeutel 10-15 Minuten in ca. 70°C bis 80°C heißes Wasser geben. Den Beutel aufschneiden und den darin befindlichen Saft in einen Topf geben. Den Braten auf jeder der 4 Seiten 3-4 Minuten in einer Pfanne gut anbraten. Tipp von Helmut Österreicher: Die Speckseite zuerst anbraten. Den Braten in Scheiben schneiden und mit dem erhitzten Saft servieren."]},{"key":"Identitätskennzeichen:","value":["AT 31538 EG"]},{"key":"Kontakt:","value":["Wiesbauer Gourmet Gastro GmbH","Indusriestraße 5, 3454 Sitzenberg-Reidling, Österreich"]}],"nutritions":[{"key":"","value":"Unzubereitet"},{"key":" ","value":"100 g"},{"key":"Energie","value":"1112 kJ | 268 kcal"},{"key":"Fett","value":"22 g"},{"key":"Fett, davon gesättigte Fettsäuren","value":"9 g"},{"key":"Kohlenhydrate","value":"< 0,5 g"},{"key":"Kohlenhydrate, davon Zucker","value":"< 0,5 g"},{"key":"Eiweiß","value":"17 g"},{"key":"Salz","value":"1,5 g"}],"tags":["Glutenfrei","Lactosefrei"]},
    {"url":"https://www.interspar.at/shop/lebensmittel/p/2020001254934","data":[{"key":"price","value":"3,99 €"},{"key":"oldPrice","value":"\n\t\t\t\t\t\n\t\t\t\t\t \n\t\t\t\t"},{"key":"pricePerUnit","value":"(9.98 €/kg)"},{"key":"productDetailsName","value":"SPAR Feine Küche - Backhendl mit Erdäpfelsalat - 400 G"},{"key":"detailsDescription","value":"400 G"},{"key":"articleNumber","value":"Artikelnummer: 2020001254934"},{"key":"Lagerhinweis:","value":["Gekühlt lagern bei +2°C bis +5°C."]},{"key":"Zutaten:","value":["Zutaten: Erdäpfelsalat 62%* (Erdäpfel 59%, Wasser, Rapsöl, Zwiebeln, Zucker, Gewürze (SENFSAAT, Curcuma), Weingeistessig, Speisesalz jodiert (Speisesalz, Kaliumjodid)), Backhendl 38%* (Hühneroberkeulenfleisch 93%, WEIZENMEHL, Rapsöl, HÜHNEREI, Wasser, Speisesalz jodiert (Speisesalz, Kaliumjodid), VOLLMILCHPULVER, Hefe). *%-Angaben beziehen sich auf die Gesamteinwaage. In Großbuchstaben angegebene Zutaten enthalten allergene Inhaltsstoffe."]},{"key":"Allergene:","value":["Enthält:Eier und daraus gewonnene Erzeugnisse, Glutenhaltiges Getreide und daraus hergestellte Erzeugnisse, Milch und daraus gewonnene Erzeugnisse (inkl. Laktose), Senf und daraus gewonnene Erzeugnisse"]},{"key":"","value":["einfach OHNE:ohne Aromastoffzusatzohne Farbstoffzusatz*ohne Geschmacksverstärker*lt. Verordnung"]},{"key":"Zubereitung:","value":["BackenBackhendl auf ein mit Backpapier ausgelegtes Backblech legen und im vorgeheizten Backrohr (170 - 190°C) ca. 15-20 Minuten backen. Dann mit dem kalten Erdäpfelsalat servieren.","Zubereitung in der MikrowelleDas Backhendl in der Schale ca. 3-4 Minuten erhitzen und mit dem kalten Erdäpfelsalat servieren."]},{"key":"Identitätskennzeichen:","value":["AT 30733 EG"]},{"key":"Ursprungsland/Herkunftsort:","value":["hergestellt in Österreich"]},{"key":"Kontakt:","value":["SPAR Österr. Warenhandels-AG","Europastraße 3, 5015 Salzburg, Österreich","office@spar.at"]}],"nutritions":[{"key":"","value":"Unzubereitet"},{"key":" ","value":"100 g"},{"key":"Energie","value":"752 kJ | 180 kcal"},{"key":"Fett","value":"10 g"},{"key":"Fett, davon gesättigte Fettsäuren","value":"2,3 g"},{"key":"Kohlenhydrate","value":"14 g"},{"key":"Kohlenhydrate, davon Zucker","value":"3,1 g"},{"key":"Ballaststoffe","value":"1 g"},{"key":"Eiweiß","value":"8,1 g"},{"key":"Salz","value":"1,2 g"},{"key":"Broteinheiten","value":"1,2 BE"},{"key":"","value":"Unzubereitet"},{"key":" ","value":"Portion (400 g)"},{"key":"Energie","value":"3008 kJ | 720 kcal"},{"key":"Fett","value":"40 g"},{"key":"Fett, davon gesättigte Fettsäuren","value":"9,2 g"},{"key":"Kohlenhydrate","value":"56 g"},{"key":"Kohlenhydrate, davon Zucker","value":"12 g"},{"key":"Ballaststoffe","value":"4 g"},{"key":"Eiweiß","value":"32 g"},{"key":"Salz","value":"4,9 g"},{"key":"Broteinheiten","value":"4,8 BE"}],"tags":[]},
    {"url":"https://www.interspar.at/shop/lebensmittel/p/2020001255030","data":[{"key":"price","value":"3,79 €"},{"key":"oldPrice","value":"\n\t\t\t\t\t\n\t\t\t\t\t \n\t\t\t\t"},{"key":"pricePerUnit","value":"(10.53 €/kg)"},{"key":"productDetailsName","value":"SPAR Feine Küche - Schweinsbraten mit Serviettenknödel - 360 G"},{"key":"detailsDescription","value":"360 G"},{"key":"articleNumber","value":"Artikelnummer: 2020001255030"},{"key":"Lagerhinweis:","value":["Gekühlt lagern bei +2°C bis +5°C. Nach dem Öffnen zum unmittelbaren Verzehr bestimmt."]},{"key":"Zutaten:","value":["Zutaten: Sauce 39%* (Wasser, Zwiebeln, Gewürzextrakte, Maisstärke, Speisesalz jodiert (Speisesalz, Kaliumjodid), pflanzliche Öle (Raps, Sonnenblume), Kartoffelstärke, Zucker, WEIZENMEHL, Aroma, Karamellzucker, Gewürze, Verdickungsmittel: Guarkernmehl, Rindfleischextrakt), Serviettenknödel 33%* (WEIZENMEHL, EI, Wasser, Gewürzextrakte, pflanzliche Öle (Raps, Sonnenblume), natürliches Aroma, Speisesalz jodiert (Speisesalz, Kaliumjodid), SCHLAGOBERS, Petersilie, Hefe), Schweinsschopf gebraten 28%* (Schweinefleisch, Speisesalz jodiert (Speisesalz, Kaliumjodid), Wasser, Gewürze). *%-Angaben beziehen sich auf die Gesamteinwaage. In Großbuchstaben angegebene Zutaten enthalten allergene Inhaltsstoffe."]},{"key":"Allergene:","value":["Enthält:Eier und daraus gewonnene Erzeugnisse, Glutenhaltiges Getreide und daraus hergestellte Erzeugnisse, Milch und daraus gewonnene Erzeugnisse (inkl. Laktose)"]},{"key":"","value":["einfach OHNE:ohne Konservierungsstoffeohne Farbstoffzusatz*ohne Geschmacksverstärker*lt. Verordnung"]},{"key":"Zubereitung:","value":["Sieden in kochender FlüssigkeitIn einem Topf Wasser zum Kochen bringen und auf kleine Stufe zurückdrehen. Die geschlossene Schale im heißen Wasser ca. 15 Minuten ziehen lassen. Danach die Folie vorsichtig abziehen, anrichten und genießen.","Zubereitung in der MikrowellePackungsfolie mit einer Gabel mehrfach einstechen. Die geschlossene Schale ca. 3-4 Minuten bei 600 Watt erhitzen. Kurz ruhen lassen, die Folie abziehen, anrichten und genießen."]},{"key":"Identitätskennzeichen:","value":["AT 30733 EG"]},{"key":"Ursprungsland/Herkunftsort:","value":["hergestellt in Österreich"]},{"key":"Kontakt:","value":["SPAR Österr. Warenhandels-AG","Europastraße 3, 5015 Salzburg, Österreich","office@spar.at"]}],"nutritions":[{"key":"","value":"Unzubereitet"},{"key":" ","value":"100 g"},{"key":"Energie","value":"753 kJ | 180 kcal"},{"key":"Fett","value":"9,6 g"},{"key":"Fett, davon gesättigte Fettsäuren","value":"3,2 g"},{"key":"Kohlenhydrate","value":"10 g"},{"key":"Kohlenhydrate, davon Zucker","value":"0,5 g"},{"key":"Ballaststoffe","value":"0,8 g"},{"key":"Eiweiß","value":"13 g"},{"key":"Salz","value":"1,6 g"},{"key":"Broteinheiten","value":"0,8 BE"},{"key":"","value":"Unzubereitet"},{"key":" ","value":"Portion (360 g)"},{"key":"Energie","value":"2711 kJ | 648 kcal"},{"key":"Fett","value":"35 g"},{"key":"Fett, davon gesättigte Fettsäuren","value":"12 g"},{"key":"Kohlenhydrate","value":"36 g"},{"key":"Kohlenhydrate, davon Zucker","value":"1,8 g"},{"key":"Ballaststoffe","value":"2,9 g"},{"key":"Eiweiß","value":"47 g"},{"key":"Salz","value":"5,7 g"},{"key":"Broteinheiten","value":"2,9 BE"}],"tags":[]},
    {"url":"https://www.interspar.at/shop/lebensmittel/p/2020001255061","data":[{"key":"price","value":"2,49 €"},{"key":"oldPrice","value":"\n\t\t\t\t\t\n\t\t\t\t\t \n\t\t\t\t"},{"key":"pricePerUnit","value":"(5.53 €/kg)"},{"key":"productDetailsName","value":"SPAR Feine Küche - Spaghetti Bolognese - 450 G"},{"key":"detailsDescription","value":"450 G"},{"key":"articleNumber","value":"Artikelnummer: 2020001255061"},{"key":"Lagerhinweis:","value":["Gekühlt lagern bei +2°C bis +5°C. Nach dem Öffnen zum unmittelbaren Verzehr bestimmt."]},{"key":"Zutaten:","value":["Zutaten: Bolognese Sauce 58%* (Wasser, Tomaten 30%, Rindfleisch 9%, Schweinefleisch 9%, Gemüsefond (Wasser, Karotten, SELLERIE, Zwiebeln, Petersilwurzel, Lauch, Knoblauch, Gewürze), WEIZENMEHL, Gewürzextrakte, Tomatenmarkt doppelt konzentriert 2%, Speisesalz jodiert (Speisesalz, Kaliumjodid), Karotten, SELLERIE, Maisstärke, Rapsöl, Gewürze, Knoblauch), Teigwaren 42%* (Wasser, HARTWEIZENGRIEß, Gewürzextrakte, Speisesalz jodiert (Speisesalz, Kaliumjodid), Rapsöl). *%-Angaben beziehen sich auf die Gesamteinwaage. In Großbuchstaben angegebene Zutaten enthalten allergene Inhaltsstoffe."]},{"key":"Allergene:","value":["Enthält:Glutenhaltiges Getreide und daraus hergestellte Erzeugnisse, Sellerie und daraus gewonnene Erzeugnisse"]},{"key":"","value":["einfach OHNE:ohne Aromastoffzusatzohne Konservierungsstoffeohne Farbstoffzusatz*ohne Geschmacksverstärker*lt. Verordnung"]},{"key":"Zubereitung:","value":["Unter Rühren kurz anbratenDie Spaghetti mit Sauce in eine heiße Pfanne geben, 2 Esslöffel Wasser hinzufügen und bei mittlerer Hitze unter häufigem Umrühren ca. 2-3 Minuten erhitzen.","Zubereitung in der MikrowellePackungsfolie mit einer Gabel mehrfach einstechen. Die geschlossene Schale ca. 4-5 Minuten bei 600 Watt erhitzen. Kurz ruhen lassen, die Folie abziehen, anrichten und genießen."]},{"key":"Identitätskennzeichen:","value":["AT 30733 EG"]},{"key":"Ursprungsland/Herkunftsort:","value":["hergestellt in Österreich"]},{"key":"Kontakt:","value":["SPAR Österr. Warenhandels-AG","Europastraße 3, 5015 Salzburg, Österreich","office@spar.at"]}],"nutritions":[{"key":"","value":"Unzubereitet"},{"key":" ","value":"100 g"},{"key":"Energie","value":"453 kJ | 107 kcal"},{"key":"Fett","value":"2,2 g"},{"key":"Fett, davon gesättigte Fettsäuren","value":"0,7 g"},{"key":"Kohlenhydrate","value":"16 g"},{"key":"Kohlenhydrate, davon Zucker","value":"2,1 g"},{"key":"Ballaststoffe","value":"1,6 g"},{"key":"Eiweiß","value":"5,1 g"},{"key":"Salz","value":"1,3 g"},{"key":"Broteinheiten","value":"1,3 BE"},{"key":"","value":"Unzubereitet"},{"key":" ","value":"Portion (450 g)"},{"key":"Energie","value":"2038 kJ | 483 kcal"},{"key":"Fett","value":"9,9 g"},{"key":"Fett, davon gesättigte Fettsäuren","value":"3,2 g"},{"key":"Kohlenhydrate","value":"72 g"},{"key":"Kohlenhydrate, davon Zucker","value":"9,5 g"},{"key":"Ballaststoffe","value":"7,2 g"},{"key":"Eiweiß","value":"23 g"},{"key":"Salz","value":"5,7 g"},{"key":"Broteinheiten","value":"5,9 BE"}],"tags":[]},
    {"url":"https://www.interspar.at/shop/lebensmittel/p/2020001255108","data":[{"key":"price","value":"1,99 €"},{"key":"oldPrice","value":"\n\t\t\t\t\t\n\t\t\t\t\tstatt 2,99 €\n\t\t\t\t"},{"key":"pricePerUnit","value":"(4.42 €/kg)"},{"key":"productDetailsName","value":"SPAR Feine Küche - Spaghetti Carbonara - 450 G"},{"key":"detailsDescription","value":"450 G"},{"key":"articleNumber","value":"Artikelnummer: 2020001255108"},{"key":"Lagerhinweis:","value":["Gekühlt lagern bei +2°C bis +5°C. Nach dem Öffnen zum unmittelbaren Verzehr bestimmt."]},{"key":"Zutaten:","value":["Zutaten: Carbonara Sauce 58%* (Wasser, Gemüsefond (Wasser, Karotten, SELLERIE, Zwiebeln, Petersilwurzel, Lauch, Knoblauch, Gewürze), SCHLAGOBERS 18%, Zwiebeln, Schinken 7% (Schweinefleisch 90%, Wasser, Speisesalz unjodiert, Gewürze, Maltodextrin, Zucker, Stabilisator: Diphosphate, Antioxidationsmittel: Natriumascorbat, Konservierungsstoff: Natriumnitrit), Speck 3% (Schweinefleisch, Wasser, Nitritpökelsalz (Speisesalz unjodiert, Konservierungsstoff: Natriumnitrit), Stabilisatoren: Diphosphate, Triphosphate, Polyphosphate; Zucker, Dextrose, Antioxidationsmittel: Natriumascorbat, Gewürzextrakte, natürliches Aroma), Maisstärke, HARTKÄSE 3% (mit Lysozym aus dem HÜHNEREI), Gewürzextrakte, Karotten, SELLERIE, Speisesalz jodiert (Speisesalz, Kaliumjodid), EI, Gewürze, Knoblauch, Karottenextrakt), Teigwaren 42%* (Wasser, HARTWEIZENGRIEß, Gewürzextrakte, Speisesalz jodiert (Speisesalz, Kaliumjodid), Rapsöl). *%-Angaben beziehen sich auf die Gesamteinwaage. In Großbuchstaben angegebene Zutaten enthalten allergene Inhaltsstoffe."]},{"key":"Allergene:","value":["Enthält:Eier und daraus gewonnene Erzeugnisse, Glutenhaltiges Getreide und daraus hergestellte Erzeugnisse, Milch und daraus gewonnene Erzeugnisse (inkl. Laktose), Sellerie und daraus gewonnene Erzeugnisse"]},{"key":"","value":["einfach OHNE:ohne Farbstoffzusatz*ohne Geschmacksverstärker*lt. Verordnung"]},{"key":"Zubereitung:","value":["Unter Rühren kurz anbratenDie Spaghetti Carbonara mit der Sauce in eine heiße Pfanne geben, 2 Esslöffel Wasser hinzufügen und bei mittlerer Hitze unter häufigem Umrühren ca. 2-3 Minuten erhitzen.","Zubereitung in der MikrowellePackungsfolie mit einer Gabel mehrfach einstechen. Die geschlossene Schale ca. 4-5 Minuten bei 600 Watt erhitzen. Kurz ruhen lassen, die Folie abziehen, anrichten und genießen."]},{"key":"Identitätskennzeichen:","value":["AT 30733 EG"]},{"key":"Ursprungsland/Herkunftsort:","value":["hergestellt in Österreich"]},{"key":"Kontakt:","value":["SPAR Österr. Warenhandels-AG","Europastraße 3, 5015 Salzburg, Österreich","office@spar.at"]}],"nutritions":[{"key":"","value":"Unzubereitet"},{"key":" ","value":"100 g"},{"key":"Energie","value":"511 kJ | 122 kcal"},{"key":"Fett","value":"4,6 g"},{"key":"Fett, davon gesättigte Fettsäuren","value":"2,6 g"},{"key":"Kohlenhydrate","value":"15 g"},{"key":"Kohlenhydrate, davon Zucker","value":"1,4 g"},{"key":"Ballaststoffe","value":"1,1 g"},{"key":"Eiweiß","value":"4,5 g"},{"key":"Salz","value":"1,2 g"},{"key":"Broteinheiten","value":"1,3 BE"},{"key":"","value":"Unzubereitet"},{"key":" ","value":"Portion (450 g)"},{"key":"Energie","value":"2300 kJ | 549 kcal"},{"key":"Fett","value":"21 g"},{"key":"Fett, davon gesättigte Fettsäuren","value":"12 g"},{"key":"Kohlenhydrate","value":"68 g"},{"key":"Kohlenhydrate, davon Zucker","value":"6,3 g"},{"key":"Ballaststoffe","value":"5 g"},{"key":"Eiweiß","value":"20 g"},{"key":"Salz","value":"5,3 g"},{"key":"Broteinheiten","value":"5,7 BE"}],"tags":[]},
    {"url":"https://www.interspar.at/shop/lebensmittel/p/2020001295180","data":[{"key":"price","value":"1,99 €"},{"key":"oldPrice","value":"\n\t\t\t\t\t\n\t\t\t\t\tstatt 2,99 €\n\t\t\t\t"},{"key":"pricePerUnit","value":"(4.42 €/kg)"},{"key":"productDetailsName","value":"SPAR Feine Küche - Reisfleisch - 450 G"},{"key":"detailsDescription","value":"450 G"},{"key":"articleNumber","value":"Artikelnummer: 2020001295180"},{"key":"Lagerhinweis:","value":["Gekühlt lagern bei +2°C bis +5°C. Nach dem Öffnen zum unmittelbaren Verzehr bestimmt."]},{"key":"Zutaten:","value":["Zutaten: Schweinereisfleisch 63%* (Wasser, Reis 28%, Schweinefleisch 26%, Rapsöl, Gewürzextrakte, Speisesalz jodiert (Speisesalz, Kaliumjodid), natürliches Aroma, Zucker, Maisstärke, Karamellzuckersirup, Gewürze, Knoblauch), Sauce 37%* (Wasser, Gewürze, Knoblauch, Gewürzextrakte, Speisesalz jodiert (Speisesalz, Kaliumjodid), Zwiebeln, pflanzliche Öle (Sonnenblume, Raps), WEIZENMEHL, natürliches Aroma, Maisstärke, Zucker, Karamellzuckersirup). *%-Angaben beziehen sich auf die Gesamteinwaage. In Großbuchstaben angegebene Zutaten enthalten allergene Inhaltsstoffe."]},{"key":"Allergene:","value":["Enthält:Glutenhaltiges Getreide und daraus hergestellte Erzeugnisse"]},{"key":"","value":["einfach OHNE:ohne Konservierungsstoffeohne Geschmacksverstärker"]},{"key":"Zubereitung:","value":["Zubereitung in der MikrowellePackungsfolie mit einer Gabel mehrfach einstechen. Die geschlossene Schale ca. 4-5 Minuten bei 600 Watt erhitzen. Kurz ruhen lassen, die Folie abziehen, anrichten und genießen.","Unter Rühren kurz anbratenDas Reisfleisch in eine heiße Pfanne geben, 2 Esslöffel Wasser hinzufügen und bei mittlerer Hitze unter häufigem Umrühren ca. 2-3 Minuten erhitzen."]},{"key":"Identitätskennzeichen:","value":["AT 30733 EG"]},{"key":"Ursprungsland/Herkunftsort:","value":["hergestellt in Österreich"]},{"key":"Kontakt:","value":["SPAR Österr. Warenhandels-AG","Europastraße 3, 5015 Salzburg, Österreich","office@spar.at"]}],"nutritions":[],"tags":[]},
    {"url":"https://www.interspar.at/shop/lebensmittel/p/2020001295340","data":[{"key":"price","value":"2,19 €"},{"key":"oldPrice","value":"\n\t\t\t\t\t\n\t\t\t\t\t \n\t\t\t\t"},{"key":"pricePerUnit","value":"(17.52 €/kg)"},{"key":"productDetailsName","value":"SPAR Veggie - Vegane Streichwurst Kräuter 5 Stück á 25 g - 125 G"},{"key":"detailsDescription","value":"125 G"},{"key":"articleNumber","value":"Artikelnummer: 2020001295340"},{"key":"Lagerhinweis:","value":["Gekühlt lagern."]},{"key":"Zutaten:","value":["Zutaten: Wasser, Zwiebeln, 12% Kichererbsen, Sonnenblumenkerne, Sonnenblumenöl, Tomatenmark, Preiselbeeren, Kartoffelstärke, 2% Kräuter, Speisesalz unjodiert, Gewürze (enthält SELLERIE), Gewürzextrakte, Knoblauch, Dextrose, Weingeistessig, Zucker, Eiweißhydrolysat (Raps, Mais und Hefe), Verdickungsmittel: Johannisbrotkernmehl, natürliches Aroma, Antioxidationsmittel: Ascorbinsäure. Aufstrichhülle ist nicht zum Verzehr geeignet. In Großbuchstaben angegebene Zutaten enthalten allergene Inhaltsstoffe."]},{"key":"Allergene:","value":["Kann Spuren enthalten von:Senf und daraus gewonnene Erzeugnisse","Enthält:Sellerie und daraus gewonnene Erzeugnisse"]},{"key":"Ursprungsland/Herkunftsort:","value":["hergestellt in Österreich"]},{"key":"Kontakt:","value":["SPAR Österr. Warenhandels-AG","Europastraße 3, 5015 Salzburg, Österreich","office@spar.at"]}],"nutritions":[{"key":" ","value":"100 g"},{"key":"","value":"Unzubereitet"},{"key":"Energie","value":"910 kJ | 219 kcal"},{"key":"Fett","value":"15 g"},{"key":"Fett, davon gesättigte Fettsäuren","value":"1,7 g"},{"key":"Kohlenhydrate","value":"13 g"},{"key":"Kohlenhydrate, davon Zucker","value":"3,8 g"},{"key":"Ballaststoffe","value":"3,8 g"},{"key":"Eiweiß","value":"6 g"},{"key":"Salz","value":"1,6 g"},{"key":"Broteinheiten","value":"1,1 BE"},{"key":" ","value":"Portion (25 g)"},{"key":"","value":"Unzubereitet"},{"key":"Energie","value":"228 kJ | 55 kcal"},{"key":"Fett","value":"3,8 g"},{"key":"Fett, davon gesättigte Fettsäuren","value":"0,4 g"},{"key":"Kohlenhydrate","value":"3,3 g"},{"key":"Kohlenhydrate, davon Zucker","value":"1 g"},{"key":"Ballaststoffe","value":"1 g"},{"key":"Eiweiß","value":"1,5 g"},{"key":"Salz","value":"0,4 g"},{"key":"Broteinheiten","value":"0,3 BE"}],"tags":["Vegan"]},
    {"url":"https://www.interspar.at/shop/lebensmittel/p/2020001295401","data":[{"key":"price","value":"2,19 €"},{"key":"oldPrice","value":"\n\t\t\t\t\t\n\t\t\t\t\t \n\t\t\t\t"},{"key":"pricePerUnit","value":"(17.52 €/kg)"},{"key":"productDetailsName","value":"SPAR Veggie - Vegane Streichwurst Zwiebel 5 Stück á 25 g - 125 G"},{"key":"detailsDescription","value":"125 G"},{"key":"articleNumber","value":"Artikelnummer: 2020001295401"},{"key":"Lagerhinweis:","value":["Gekühlt lagern."]},{"key":"Zutaten:","value":["Zutaten: Wasser, 23% Zwiebel, 10% Kichererbsen, Sonnenblumenkerne, Sonnenblumenöl, Tomatenmark, Preiselbeeren, Kartoffelstärke, Speisesalz unjodiert, Kräuter, Gewürze, Gewürzextrakte, Rapsöl, Dextrose, Weingeistessig, Zucker, Eiweißhydrolysat (Raps, Mais und Hefe), Verdickungsmittel: Johannisbrotkernmehl, natürliches Aroma, Antioxidationsmittel: Ascorbinsäure. Aufstrichhülle nicht zum Verzehr geeignet. In Großbuchstaben geschriebene Zutaten enthalten allergene Inhaltsstoffe."]},{"key":"Allergene:","value":["Kann Spuren enthalten von:Sellerie und daraus gewonnene Erzeugnisse, Senf und daraus gewonnene Erzeugnisse"]},{"key":"Ursprungsland/Herkunftsort:","value":["hergestellt in Österreich"]},{"key":"Kontakt:","value":["SPAR Österr. Warenhandels-AG","Europastraße 3, 5015 Salzburg, Österreich"]}],"nutritions":[{"key":" ","value":"100 g"},{"key":"","value":"Unzubereitet"},{"key":"Energie","value":"853 kJ | 205 kcal"},{"key":"Fett","value":"14 g"},{"key":"Fett, davon gesättigte Fettsäuren","value":"2,1 g"},{"key":"Kohlenhydrate","value":"12 g"},{"key":"Kohlenhydrate, davon Zucker","value":"4,3 g"},{"key":"Ballaststoffe","value":"4,5 g"},{"key":"Eiweiß","value":"5,6 g"},{"key":"Salz","value":"1,6 g"},{"key":"Broteinheiten","value":"1 BE"},{"key":" ","value":"Portion (25 g)"},{"key":"","value":"Unzubereitet"},{"key":"Energie","value":"213 kJ | 51 kcal"},{"key":"Fett","value":"3,5 g"},{"key":"Fett, davon gesättigte Fettsäuren","value":"0,5 g"},{"key":"Kohlenhydrate","value":"3 g"},{"key":"Kohlenhydrate, davon Zucker","value":"1,1 g"},{"key":"Ballaststoffe","value":"1,1 g"},{"key":"Eiweiß","value":"1,4 g"},{"key":"Salz","value":"0,4 g"},{"key":"Broteinheiten","value":"0,3 BE"}],"tags":["Vegan"]},
    {"url":"https://www.interspar.at/shop/lebensmittel/p/2020001296217","data":[{"key":"price","value":"2,99 €"},{"key":"oldPrice","value":"\n\t\t\t\t\t\n\t\t\t\t\t \n\t\t\t\t"},{"key":"pricePerUnit","value":"(16.61 €/kg)"},{"key":"productDetailsName","value":"Veganz - Crispy Nuggets - 180 G"},{"key":"detailsDescription","value":"180 G"},{"key":"articleNumber","value":"Artikelnummer: 2020001296217"},{"key":"Lagerhinweis:","value":["Gekühlt bei max. +7°C lagern. Nach dem Öffnen innerhalb von 2 Tagen verbrauchen."]},{"key":"Zutaten:","value":["Zutaten: Texturiertes SOJAPROTEIN (66%) (Wasser, SOJAPROTEINKONZENTRAT (21%)), Knusperpanade (21%) (Mais, Reismehl, Kartoffelstärke, Kartoffelfasern, Sonnenblumenöl), Wasser, HAFERFASER, Verdickungsmittel: Methylcellulose, Salz, natürliches Aroma, Dextrose. In Großbuchstaben angegebene Zutaten enthalten allergene Inhaltsstoffe."]},{"key":"Allergene:","value":["Enthält:Glutenhaltiges Getreide und daraus hergestellte Erzeugnisse, Sojabohnen und daraus gewonnene Erzeugnisse"]},{"key":"Zubereitung:","value":["Braten mit wenig FettCrispy Nuggets bei mittlerer Hitze in Öl unter mehrmaligem Wenden etwa 4 Minuten in der Pfanne knusprig braten.","BackenBackofen auf 200°C (Umluft 180°C) vorheizen und die Crispy Nuggets unter mehrmaligem Wenden etwa 10 Minuten knusprig backen."]},{"key":"Verbrauchen nach dem Öffnen:","value":["2 Tage"]},{"key":"Kontakt:","value":["Veganz Wholesale Gmbh & Co KG","Warschauer Strasse 32, 10243 Berlin, Deutschland","+49 3029 3603780"]}],"nutritions":[{"key":"","value":"Unzubereitet"},{"key":" ","value":"100 g"},{"key":"Energie","value":"875 kJ | 209 kcal"},{"key":"Fett","value":"10 g"},{"key":"Fett, davon gesättigte Fettsäuren","value":"1,3 g"},{"key":"Kohlenhydrate","value":"16 g"},{"key":"Kohlenhydrate, davon Zucker","value":"< 0,5 g"},{"key":"Ballaststoffe","value":"7,6 g"},{"key":"Eiweiß","value":"10 g"},{"key":"Salz","value":"1,1 g"}],"tags":["Vegan"]},
    {"url":"https://www.interspar.at/shop/lebensmittel/p/2020001296262","data":[{"key":"price","value":"2,99 €"},{"key":"oldPrice","value":"\n\t\t\t\t\t\n\t\t\t\t\t \n\t\t\t\t"},{"key":"pricePerUnit","value":"(16.61 €/kg)"},{"key":"productDetailsName","value":"Veganz - vegane Bratwurst Die Originale 3 Stück - 180 G"},{"key":"detailsDescription","value":"180 G"},{"key":"articleNumber","value":"Artikelnummer: 2020001296262"},{"key":"Lagerhinweis:","value":["Bei max. +7°C mindestens haltbar bis: siehe Aufdruck auf der Verpackung. Nach dem Öffnen innerhalb von 2 Tagen verbrauchen."]},{"key":"Zutaten:","value":["Zutaten: Sojaprotein (42%) (Wasser, SOJAPROTEINKONZENTRAT 33%), Wasser, Überzugsmittel: Calciumalginat, Kokosfett, Sonnenblumenöl, Verdickungsmittel: Methylcellulose, Kartoffelflocken, Salz, SOJAPROTEINKONZENTRAT (1,0%), Flohsamenschalen gemahlen, Gewürze, Dextrose, natürliches Aroma, Gewürzextrakte, Würze, Aroma, Maltodextrin. In Großbuchstaben angegebene Zutaten enthalten allergene Inhaltsstoffe."]},{"key":"Allergene:","value":["Enthält:Sojabohnen und daraus gewonnene Erzeugnisse"]},{"key":"","value":["Proteinreich"]},{"key":"Zubereitung:","value":["Braten mit wenig FettIn der Pfanne \"die Originale\" bei mittlerer Hitze in Öl unter mehrmaligem Wenden etwa 8 Minuten knusprig braten.","Grillen mit indirekter HitzeFür die Zubereitung auf dem Grill, \"die Originale\" mit etwas Öl bestreichen, auf Alufolie legen und unter mehrmaligem Wenden etwa 8 Minuten knusprig grillen."]},{"key":"Verbrauchen nach dem Öffnen:","value":["2 Tage"]},{"key":"Kontakt:","value":["Veganz Wholesale Gmbh & Co KG","Warschauer Straße 32, 10243 Berlin, Deutschland"]}],"nutritions":[{"key":"","value":"Unzubereitet"},{"key":" ","value":"100 g"},{"key":"Energie","value":"573 kJ | 139 kcal"},{"key":"Fett","value":"7,2 g"},{"key":"Fett, davon gesättigte Fettsäuren","value":"4,6 g"},{"key":"Kohlenhydrate","value":"3,5 g"},{"key":"Kohlenhydrate, davon Zucker","value":"< 0,5 g"},{"key":"Eiweiß","value":"12 g"},{"key":"Salz","value":"1,7 g"}],"tags":["Vegan","Glutenfrei"]},
    {"url":"https://www.interspar.at/shop/lebensmittel/p/2020001296309","data":[{"key":"price","value":"2,99 €"},{"key":"oldPrice","value":"\n\t\t\t\t\t\n\t\t\t\t\t \n\t\t\t\t"},{"key":"pricePerUnit","value":"(16.61 €/kg)"},{"key":"productDetailsName","value":"Veganz - Bratwurst Die Pikante - 180 G"},{"key":"detailsDescription","value":"180 G"},{"key":"articleNumber","value":"Artikelnummer: 2020001296309"},{"key":"Lagerhinweis:","value":["Gekühlt bei max. +7°C lagern. Nach dem Öffnen innerhalb von 2 Tagen verbrauchen."]},{"key":"Zutaten:","value":["Zutaten: SOJAPROTEIN (41%) (Wasser, SOJAPROTEINKONZENTRAT (33%)), Wasser, Kokosfett, Überzugsmittel: Calciumalginat; Sonnenblumenöl, Verdickungsmittel: Methylcellulose; Kartoffelflocken, Dextrose, Salz, SOJAPROTEINKONZENTRAT (1,0%), Flohsamenschalen gemahlen, Gewürze, natürliches Aroma, Gewürzextrakte, Maltodextrin. In Großbuchstaben angegebene Zutaten enthalten allergene Inhaltsstoffe."]},{"key":"Allergene:","value":["Enthält:Sojabohnen und daraus gewonnene Erzeugnisse"]},{"key":"","value":["Proteinreich"]},{"key":"Zubereitung:","value":["Grillen mit direkter Hitze\"Die Pikante\" bei mittlerer Hitze in Öl unter mehrmaligem Wenden etwa 8 Minuten knusprig braten.","Grillen mit indirekter Hitze\"Die Pikante\" mit etwas Öl bestreichen, auf Alufolie legen und unter mehrmaligem Wenden etwa 8 Minuten knusprig grillen."]},{"key":"Verbrauchen nach dem Öffnen:","value":["2 Tage"]},{"key":"Kontakt:","value":["Veganz GmbH","Warschauer Str. 32, 10243 Berlin, Deutschland"]}],"nutritions":[{"key":"","value":"Unzubereitet"},{"key":" ","value":"100 g"},{"key":"Energie","value":"548 kJ | 131 kcal"},{"key":"Fett","value":"6,5 g"},{"key":"Fett, davon gesättigte Fettsäuren","value":"4,2 g"},{"key":"Kohlenhydrate","value":"3,5 g"},{"key":"Kohlenhydrate, davon Zucker","value":"< 0,5 g"},{"key":"Eiweiß","value":"12 g"},{"key":"Salz","value":"1,7 g"}],"tags":["Vegan","Glutenfrei"]},
    {"url":"https://www.interspar.at/shop/lebensmittel/p/2020001308316","data":[{"key":"price","value":"2,99 €"},{"key":"oldPrice","value":"\n\t\t\t\t\t\n\t\t\t\t\t \n\t\t\t\t"},{"key":"pricePerUnit","value":"(14.95 €/kg)"},{"key":"productDetailsName","value":"Veganz - veganer Burger Kürbis-Süßkartoffel - 200 G"},{"key":"detailsDescription","value":"200 G"},{"key":"articleNumber","value":"Artikelnummer: 2020001308316"},{"key":"Lagerhinweis:","value":["Gekühlt bei max. +7°C lagern. Nach dem Öffnen innerhalb von 2 Tagen verbrauchen."]},{"key":"Zutaten:","value":["Zutaten: Kürbis (49%), Süßkartoffeln (29%), Sonnenblumenöl, SOJAPROTEIN, Kartoffelstärke, Verdickungsmittel: Methylcellulose; Gewürze und Kräuter, WEIZENFASERN, Salz, Paprika edelsüß, Zwiebelpulver, Knoblauchpulver. In Großbuchstaben angegebene Zutaten enthalten allergene Inhaltsstoffe."]},{"key":"Allergene:","value":["Kann Spuren enthalten von:Eier und daraus gewonnene Erzeugnisse, Lupinen und daraus gewonnene Erzeugnisse, Milch und daraus gewonnene Erzeugnisse (inkl. Laktose)","Enthält:Glutenhaltiges Getreide und daraus hergestellte Erzeugnisse, Sojabohnen und daraus gewonnene Erzeugnisse"]},{"key":"Zubereitung:","value":["Braten mit wenig FettDie Patties ganz einfach in einer Pfanne mit Öl bei mittlerer Hitze ca. 5 Minuten anbraten, bis sie leicht knusprig sind."]},{"key":"Verbrauchen nach dem Öffnen:","value":["2 Tage"]},{"key":"Kontakt:","value":["Veganz Wholesale Gmbh & Co KG","Warschauer Strasse 32, 10243 Berlin, Deutschland","+49 3029 36378-0"]}],"nutritions":[{"key":" ","value":"100 g"},{"key":"","value":"Unzubereitet"},{"key":"Energie","value":"526 kJ | 126 kcal"},{"key":"Fett","value":"6 g"},{"key":"Fett, davon gesättigte Fettsäuren","value":"0,7 g"},{"key":"Kohlenhydrate","value":"11 g"},{"key":"Kohlenhydrate, davon Zucker","value":"2,8 g"},{"key":"Ballaststoffe","value":"0 g"},{"key":"Eiweiß","value":"4,4 g"},{"key":"Salz","value":"1,2 g"}],"tags":["Vegan"]},
    {"url":"https://www.interspar.at/shop/lebensmittel/p/2020001392230","data":[{"key":"price","value":"4,19 €"},{"key":"oldPrice","value":"\n\t\t\t\t\t\n\t\t\t\t\t \n\t\t\t\t"},{"key":"pricePerUnit","value":"(13.09 €/kg)"},{"key":"productDetailsName","value":"Rougette - Ofenkäse Pfeffer - 320 G"},{"key":"detailsDescription","value":"320 G"},{"key":"articleNumber","value":"Artikelnummer: 2020001392230"},{"key":"Lagerhinweis:","value":["Gekühlt lagern bei +2°C bis +8°C."]},{"key":"Zutaten:","value":["Zutaten: past. KUHMILCH, Kochsalz, bunter Pfeffermix, Mikrobielles Lab, Farbstoff: Paprikaextrakt (E160C), Milchsäuerungskulturen, Reifungskulturen. In Großbuchstaben angegebene Zutaten enthalten allergene Inhaltstoffe."]},{"key":"Allergene:","value":["Enthält:Milch und daraus gewonnene Erzeugnisse (inkl. Laktose)"]},{"key":"Identitätskennzeichen:","value":["DE BY 77711 EG"]},{"key":"Kontakt:","value":["Käserei Champignon","Kemptener Straße 17-24, 87493 Lauben/Allgäu, Deutschland"]}],"nutritions":[{"key":"","value":"Unzubereitet"},{"key":" ","value":"100 g"},{"key":"Energie","value":"1465 kJ | 354 kcal"},{"key":"Fett","value":"32 g"},{"key":"Fett, davon gesättigte Fettsäuren","value":"21 g"},{"key":"Kohlenhydrate","value":"0,5 g"},{"key":"Kohlenhydrate, davon Zucker","value":"0,5 g"},{"key":"Ballaststoffe","value":"0 g"},{"key":"Eiweiß","value":"16 g"},{"key":"Salz","value":"1,7 g"}],"tags":["Gekühlt"]},
    {"url":"https://www.interspar.at/shop/lebensmittel/p/2020001495412","data":[{"key":"price","value":"2,69 €"},{"key":"oldPrice","value":"\n\t\t\t\t\t\n\t\t\t\t\t \n\t\t\t\t"},{"key":"pricePerUnit","value":"(17.93 €/kg)"},{"key":"productDetailsName","value":"Emmi - Raclette in Scheiben Paprika - 150 G"},{"key":"detailsDescription","value":"150 G"},{"key":"articleNumber","value":"Artikelnummer: 2020001495412"},{"key":"Lagerhinweis:","value":["Bei +4°C bis +8°C aufbewahren"]},{"key":"Zutaten:","value":["Zutaten: MILCH, 0.6% Paprika, Salz, Kulturen, Lab. In Großbuchstaben angegebene Zutaten enthalten allergene Inhaltsstoffe."]},{"key":"Allergene:","value":["Enthält:Milch und daraus gewonnene Erzeugnisse (inkl. Laktose)"]},{"key":"Identitätskennzeichen:","value":["CH 2066"]},{"key":"Kontakt:","value":["Emmi Österreich","Illweg 8, 6714 Nüziders, Österreich"]}],"nutritions":[{"key":"","value":"Unzubereitet"},{"key":" ","value":"100 g"},{"key":"Energie","value":"1441 kJ | 347 kcal"},{"key":"Fett","value":"27 g"},{"key":"Fett, davon gesättigte Fettsäuren","value":"16 g"},{"key":"Kohlenhydrate","value":"0,1 g"},{"key":"Kohlenhydrate, davon Zucker","value":"0,1 g"},{"key":"Ballaststoffe","value":"0 g"},{"key":"Eiweiß","value":"25 g"},{"key":"Salz","value":"2 g"}],"tags":["Glutenfrei"]},
    {"url":"https://www.interspar.at/shop/lebensmittel/p/2020001495450","data":[{"key":"price","value":"2,69 €"},{"key":"oldPrice","value":"\n\t\t\t\t\t\n\t\t\t\t\t \n\t\t\t\t"},{"key":"pricePerUnit","value":"(17.93 €/kg)"},{"key":"productDetailsName","value":"Emmi - Raclette in Scheiben Pfeffer - 150 G"},{"key":"detailsDescription","value":"150 G"},{"key":"articleNumber","value":"Artikelnummer: 2020001495450"},{"key":"Lagerhinweis:","value":["Bei +4°C bis +8°C aufbewahren"]},{"key":"Zutaten:","value":["Zutaten: MILCH, 2% Pfeffer, Salz, Kulturen, Lab. In Großbuchstaben angegebene Zutaten enthalten allergene Inhaltsstoffe."]},{"key":"Allergene:","value":["Enthält:Milch und daraus gewonnene Erzeugnisse (inkl. Laktose)"]},{"key":"Identitätskennzeichen:","value":["CH 2066"]},{"key":"Kontakt:","value":["Emmi Österreich GmbH","Illweg 8, 6714 Nüziders, Österreich"]}],"nutritions":[{"key":"","value":"Unzubereitet"},{"key":" ","value":"100 g"},{"key":"Energie","value":"1441 kJ | 347 kcal"},{"key":"Fett","value":"27 g"},{"key":"Fett, davon gesättigte Fettsäuren","value":"16 g"},{"key":"Kohlenhydrate","value":"0,1 g"},{"key":"Kohlenhydrate, davon Zucker","value":"0,1 g"},{"key":"Ballaststoffe","value":"0 g"},{"key":"Eiweiß","value":"25 g"},{"key":"Salz","value":"2 g"}],"tags":[]},
    {"url":"https://www.interspar.at/shop/lebensmittel/p/2020001581856","data":[{"key":"price","value":"1,25 €"},{"key":"oldPrice","value":"\n\t\t\t\t\t\n\t\t\t\t\t \n\t\t\t\t"},{"key":"pricePerUnit","value":"(8.93 €/kg)"},{"key":"productDetailsName","value":"Ferrero - Joghurt-Schnitte mit Joghurt - 140 G"},{"key":"detailsDescription","value":"140 G"},{"key":"articleNumber","value":"Artikelnummer: 2020001581856"}],"nutritions":[],"tags":["immer Billig"]},
    {"url":"https://www.interspar.at/shop/lebensmittel/p/2020001685875","data":[{"key":"price","value":"1,59 €"},{"key":"oldPrice","value":"\n\t\t\t\t\t\n\t\t\t\t\t \n\t\t\t\t"},{"key":"pricePerUnit","value":"(19.88 €/kg)"},{"key":"productDetailsName","value":"Veganz - Veganer Aufschnitt natur - 80 G"},{"key":"detailsDescription","value":"80 G"},{"key":"articleNumber","value":"Artikelnummer: 2020001685875"},{"key":"Lagerhinweis:","value":["Gekühlt bei max. +7°C lagern."]},{"key":"Zutaten:","value":["Zutaten: Wasser, Rapsöl, Proteinisolate (11%) (SOJA (73%), Erbse (27%)), Verdickungsmittel: Carrageen, Konjak, Guarkernmehl, Johannisbrotkernmehl; modifizierte Stärke, Gewürzextrakte, Rote-Bete-Saftkonzentrat, Johannisbeersaftkonzentrat, Salz, Antioxidationsmittel: Ascorbinsäure; Zucker, Aroma, Gewürze, Zwiebelgewürzextrakt. In Großbuchstaben angegebene Zutaten enthalten allergene Inhaltsstoffe."]},{"key":"Allergene:","value":["Enthält:Sojabohnen und daraus gewonnene Erzeugnisse"]},{"key":"Kontakt:","value":["Veganz GmbH","Warschauer Str. 32, 10243 Berlin"]}],"nutritions":[{"key":"","value":"Unzubereitet"},{"key":" ","value":"100 g"},{"key":"Energie","value":"640 kJ | 145 kcal"},{"key":"Fett","value":"7,5 g"},{"key":"Fett, davon gesättigte Fettsäuren","value":"0,5 g"},{"key":"Kohlenhydrate","value":"4,5 g"},{"key":"Kohlenhydrate, davon Zucker","value":"1,5 g"},{"key":"Eiweiß","value":"14 g"},{"key":"Salz","value":"1,7 g"}],"tags":["Vegan"]},
    {"url":"https://www.interspar.at/shop/lebensmittel/p/2020001685882","data":[{"key":"price","value":"1,59 €"},{"key":"oldPrice","value":"\n\t\t\t\t\t\n\t\t\t\t\t \n\t\t\t\t"},{"key":"pricePerUnit","value":"(19.88 €/kg)"},{"key":"productDetailsName","value":"Veganz - veganer Aufschnitt Paprika - 80 G"},{"key":"detailsDescription","value":"80 G"},{"key":"articleNumber","value":"Artikelnummer: 2020001685882"},{"key":"Lagerhinweis:","value":["Gekühlt bei max. +7°C lagern."]},{"key":"Zutaten:","value":["Zutaten: Wasser, Paprika (17%), Proteinisolate (11%) (SOJA (73%), Erbse (27%)), Rapsöl, Verdickungsmittel: Carrageen, Konjak, Guarkernmehl, Johannisbrotkernmehl; modifizierte Stärke, Gewürzextrakte, Rote-Bete-Saftkonzentrat, Johannisbeersaftkonzentrat, Salz, Antioxidationsmittel: Ascorbinsäure, Zucker, Aroma, Gewürze, Zwiebelgewürzextrakt. In Großbuchstaben angegebene Zutaten enthalten allergene Inhaltsstoffe."]},{"key":"Allergene:","value":["Enthält:Sojabohnen und daraus gewonnene Erzeugnisse"]},{"key":"Kontakt:","value":["Veganz GmbH","Warschauer Str. 32, 10243, Berlin"]}],"nutritions":[{"key":"","value":"Unzubereitet"},{"key":" ","value":"100 g"},{"key":"Energie","value":"574 kJ | 137 kcal"},{"key":"Fett","value":"6,7 g"},{"key":"Fett, davon gesättigte Fettsäuren","value":"0,5 g"},{"key":"Kohlenhydrate","value":"4,5 g"},{"key":"Kohlenhydrate, davon Zucker","value":"1,5 g"},{"key":"Eiweiß","value":"14 g"},{"key":"Salz","value":"1,7 g"}],"tags":["Vegan"]},
    {"url":"https://www.interspar.at/shop/lebensmittel/p/2020001742042","data":[{"key":"price","value":"1,69 €"},{"key":"oldPrice","value":"\n\t\t\t\t\t\n\t\t\t\t\t \n\t\t\t\t"},{"key":"pricePerUnit","value":"(13.52 €/kg)"},{"key":"productDetailsName","value":"Bio.k. - Tomate Basilikum - 125 G"},{"key":"detailsDescription","value":"125 G"},{"key":"articleNumber","value":"Artikelnummer: 2020001742042"},{"key":"Lagerhinweis:","value":["Nach dem Öffnen gekühlt lagern und innerhalb von 3 Tagen verbrauchen."]},{"key":"Zutaten:","value":["Zutaten: SOJABOHNEN* 45%, Wasser, Tomatenmark* 13%, Sonnenblumenöl*, Nährhefe, Zwiebel*, Meersalz,Tafelessig*, Kartoffelstärke*, Basilikum* 0,4%, Gewürze* und Kräuter*. * aus kontrolliert biologischem Anbau.In Großbuchstaben angegebene Zutaten enthalten allergene Inhaltsstoffe."]},{"key":"Allergene:","value":["Kann Spuren enthalten von:Glutenhaltiges Getreide und daraus hergestellte Erzeugnisse, Sellerie und daraus gewonnene Erzeugnisse, Senf und daraus gewonnene Erzeugnisse, Sesamsamen und daraus gewonnene Erzeugnisse","Enthält:Sojabohnen und daraus gewonnene Erzeugnisse"]},{"key":"","value":["- ohne Fleisch- ohne tierisches Eiweiß"]},{"key":"Bio-Kontrollstelle:","value":["AT-BIO-402"]},{"key":"Ökoherkunft:","value":["EU-/Nicht-EU-Landwirtschaft"]},{"key":"Verbrauchen nach dem Öffnen:","value":["3 Tage"]},{"key":"Kontakt:","value":["Alondo \"BIO.k.\" LM- Produktions GmbH","7331 Weppersdorf, Österreich"]}],"nutritions":[],"tags":["Bio"]},
    {"url":"https://www.interspar.at/shop/lebensmittel/p/2020001742172","data":[{"key":"price","value":"1,69 €"},{"key":"oldPrice","value":"\n\t\t\t\t\t\n\t\t\t\t\t \n\t\t\t\t"},{"key":"pricePerUnit","value":"(13.52 €/kg)"},{"key":"productDetailsName","value":"Bio.k. - Curry Aufstrich - 125 G"},{"key":"detailsDescription","value":"125 G"},{"key":"articleNumber","value":"Artikelnummer: 2020001742172"},{"key":"Lagerhinweis:","value":["Gekühlt bei 4-7°C lagern. Nach dem Öffnen gekühlt lagern und innerhalb von 3 Tagen verbrauchen."]},{"key":"Zutaten:","value":["Zutaten: SOJABOHNEN* 53%, Wasser, Sonnenblumenöl*, Essiggurken* (Gurken*, Wasser, Tafelessig*, Rohrohrzucker, Meersalz), Nährhefe, Meersalz, Tafelessig*, Curry* 1% (Gelbwurz*, SENFMEHL*, Koriander*, Bockshornklee* und Gewürze*), Zwiebel*, Kartoffelstärke*, SENF*, SELLERIE*, Gewürze* und Kräuter*. *aus kontrolliert biologischem Anbau. In Großbuchstaben angegebene Zutaten enthalten allergene Inhaltsstoffe."]},{"key":"Allergene:","value":["Kann Spuren enthalten von:Glutenhaltiges Getreide und daraus hergestellte Erzeugnisse, Sesamsamen und daraus gewonnene Erzeugnisse","Enthält:Sellerie und daraus gewonnene Erzeugnisse, Senf und daraus gewonnene Erzeugnisse, Sojabohnen und daraus gewonnene Erzeugnisse"]},{"key":"","value":["Bio.k.-Garantie: Geschmack durch schonende Verarbeitung, ohne Fleisch ohne tierisches Eiweiß."]},{"key":"Bio-Kontrollstelle:","value":["AT-BIO-402"]},{"key":"Verbrauchen nach dem Öffnen:","value":["3 Tage"]},{"key":"Kontakt:","value":["Alondo Bio.k. LM-Produktions GmbH","Alte Bundesstraße 1, 7331 Weppersdorf, Österreich"]}],"nutritions":[{"key":"","value":"Unzubereitet"},{"key":" ","value":"100 g"},{"key":"Energie","value":"772 kJ | 186 kcal"},{"key":"Fett","value":"15 g"},{"key":"Fett, davon gesättigte Fettsäuren","value":"1,9 g"},{"key":"Kohlenhydrate","value":"2,3 g"},{"key":"Kohlenhydrate, davon Zucker","value":"1,5 g"},{"key":"Ballaststoffe","value":"5,8 g"},{"key":"Eiweiß","value":"11 g"},{"key":"Salz","value":"1 g"}],"tags":["Bio"]},
    {"url":"https://www.interspar.at/shop/lebensmittel/p/2020001742202","data":[{"key":"price","value":"1,69 €"},{"key":"oldPrice","value":"\n\t\t\t\t\t\n\t\t\t\t\t \n\t\t\t\t"},{"key":"pricePerUnit","value":"(13.52 €/kg)"},{"key":"productDetailsName","value":"Bio.k. - Gemüse Pastete - 125 G"},{"key":"detailsDescription","value":"125 G"},{"key":"articleNumber","value":"Artikelnummer: 2020001742202"},{"key":"Lagerhinweis:","value":["Gekühlt bei 4-7°C lagern. Nach dem Öffnen gekühlt lagern und innerhalb von 3 Tagen verbrauchen."]},{"key":"Zutaten:","value":["Zutaten: SOJABOHNEN* 46%, Karotten* 15%, Sonnenblumenöl*, Wasser, Nährhefe, SOJASAUCE (Wasser, SOJABOHNEN*, Meersalz), Tomatenmark* 1,1%, Kartoffelstärke*, Tafelessig*, Meersalz, Gemüsebrühe* (Steinsalz, Maisstärke*, Lauch*, Karotten*, SELLERIE*, Zwiebel*, Hefeextrakt, Gewürze*, Palmfett*, Kräuter*), Gewürze* und Kräuter*. *aus kontrolliert biologischem Anbau. In Großbuchstaben angegebene Zutaten enthalten allergene Inhaltsstoffe."]},{"key":"Allergene:","value":["Kann Spuren enthalten von:Glutenhaltiges Getreide und daraus hergestellte Erzeugnisse, Senf und daraus gewonnene Erzeugnisse, Sesamsamen und daraus gewonnene Erzeugnisse","Enthält:Sellerie und daraus gewonnene Erzeugnisse, Sojabohnen und daraus gewonnene Erzeugnisse"]},{"key":"","value":["Bio.k.-Garantie: Geschmack durch schonende Verarbeitung, ohne Fleisch, ohne tierisches Eiweiß."]},{"key":"Bio-Kontrollstelle:","value":["AT-BIO-402"]},{"key":"Verbrauchen nach dem Öffnen:","value":["3 Tage"]},{"key":"Kontakt:","value":["Alondo \"Bio.k.\" LM-Produktions GmbH","Alte Bundesstraße 1, 7331 Weppersdorf, Österreich"]}],"nutritions":[{"key":"","value":"Unzubereitet"},{"key":" ","value":"100 g"},{"key":"Energie","value":"953 kJ | 230 kcal"},{"key":"Fett","value":"20 g"},{"key":"Fett, davon gesättigte Fettsäuren","value":"2,2 g"},{"key":"Kohlenhydrate","value":"3,3 g"},{"key":"Kohlenhydrate, davon Zucker","value":"0,9 g"},{"key":"Ballaststoffe","value":"4,7 g"},{"key":"Eiweiß","value":"9,5 g"},{"key":"Salz","value":"0,6 g"}],"tags":["Bio"]},
    {"url":"https://www.interspar.at/shop/lebensmittel/p/2020001806898","data":[{"key":"price","value":"2,99 €"},{"key":"oldPrice","value":"\n\t\t\t\t\t\n\t\t\t\t\t \n\t\t\t\t"},{"key":"pricePerUnit","value":"(21.36 €/kg)"},{"key":"productDetailsName","value":"VEGINI - Cubes Olivenöl - 140 G"},{"key":"detailsDescription","value":"140 G"},{"key":"articleNumber","value":"Artikelnummer: 2020001806898"},{"key":"Lagerhinweis:","value":["Gekühlt bei max. 7 °C"]},{"key":"Zutaten:","value":["Zutaten: Trinkwasser, Erbsenprotein, Erbsenfaser, Olivenöl (6%) Sonnenblumenöl, Kartoffelstärke, Salz."]},{"key":"Zubereitung:","value":["Braten mit wenig FettZubereitung: Kurz in wenig Öl anbraten und genießen, fertig in wenigen Minuten."]},{"key":"Verbrauchen nach dem Öffnen:","value":["1 Tage"]},{"key":"Verwendungshinweis:","value":["Nach dem Öffnen innerhalb eines Tages aufbrauchen."]},{"key":"Kontakt:","value":["VeggieMeat GmbH","Diamantplatz 1, 3304 St. Georgen/Y., Österreich"]}],"nutritions":[{"key":"","value":"Unzubereitet"},{"key":" ","value":"100 g"},{"key":"Energie","value":"876 kJ | 209 kcal"},{"key":"Fett","value":"8,8 g"},{"key":"Fett, davon gesättigte Fettsäuren","value":"1,8 g"},{"key":"Kohlenhydrate","value":"1,9 g"},{"key":"Kohlenhydrate, davon Zucker","value":"0,4 g"},{"key":"Ballaststoffe","value":"5 g"},{"key":"Eiweiß","value":"30 g"},{"key":"Salz","value":"2,2 g"}],"tags":[]},
    {"url":"https://www.interspar.at/shop/lebensmittel/p/2020001807161","data":[{"key":"price","value":"2,99 €"},{"key":"oldPrice","value":"\n\t\t\t\t\t\n\t\t\t\t\t \n\t\t\t\t"},{"key":"pricePerUnit","value":"(21.36 €/kg)"},{"key":"productDetailsName","value":"VEGINI - Pulled Chunks Gartenkräuter - 140 G"},{"key":"detailsDescription","value":"140 G"},{"key":"articleNumber","value":"Artikelnummer: 2020001807161"},{"key":"Lagerhinweis:","value":["Gekühlt bei max. 7 °C."]},{"key":"Zutaten:","value":["Zutaten: Trinkwasser, Erbsenprotein, Tomatenmark , Sonnenblumenöl, Erbsenfaser, getrockneter Schnittlauch, getrocknete Petersilie,  Ahornsirup, Kartoffelstärke, Pfeffer, Salz."]},{"key":"Zubereitung:","value":["Braten mit wenig FettZubereitung: Kurz in wenig Öl anbraten und genießen, fertig in wenigen Minuten."]},{"key":"Verbrauchen nach dem Öffnen:","value":["1 Tage"]},{"key":"Verwendungshinweis:","value":["Nach dem Öffnen innerhalb eines Tages aufbrauchen."]},{"key":"Kontakt:","value":["VeggieMeat GmbH","Diamantplatz 1, 3304 St. Georgen/Y., Österreich"]}],"nutritions":[{"key":"","value":"Unzubereitet"},{"key":" ","value":"100 g"},{"key":"Energie","value":"902 kJ | 216 kcal"},{"key":"Fett","value":"9,2 g"},{"key":"Fett, davon gesättigte Fettsäuren","value":"1,3 g"},{"key":"Kohlenhydrate","value":"2,2 g"},{"key":"Kohlenhydrate, davon Zucker","value":"1,2 g"},{"key":"Ballaststoffe","value":"4,7 g"},{"key":"Eiweiß","value":"29 g"},{"key":"Salz","value":"2,5 g"}],"tags":[]},
    {"url":"https://www.interspar.at/shop/lebensmittel/p/2032481","data":[{"key":"price","value":"2,99 €"},{"key":"oldPrice","value":"\n\t\t\t\t\t\n\t\t\t\t\t \n\t\t\t\t"},{"key":"pricePerUnit","value":"(16.61 €/kg)"},{"key":"productDetailsName","value":"SPAR Veggie - Vegane Bio-Falafel - 180 G"},{"key":"detailsDescription","value":"180 G"},{"key":"articleNumber","value":"Artikelnummer: 2032481"},{"key":"Lagerhinweis:","value":["Vor und nach dem Öffnen gekühlt lagern. Nach dem Öffnen innerhalb von 2 Tagen verbrauchen."]},{"key":"Zutaten:","value":["Zutaten: Kichererbsen* 28%, Trinkwasser, Zwiebel*, Sonnenblumenöl*, SELLERIE*, Petersilie*, SESAMSAAT*, WEIZENGLUTEN*, HAFERFASER*, Speisesalz, Röstzwiebel* (Zwiebel*, Palmfett*, WEIZENMEHL*, Speisesalz), Backpulver* [Maisstärke*, Säuerungsmittel: Reinweinstein (Monokaliumtartat), Backtriebmittel: Natriumhydrogencarbonat (Speisesoda)], WEIZENSTÄRKE*, Zitronensaft aus Zitronensaftkonzentrat*, Gewürze*, Verdickungsmittel: Johannisbrotkernmehl*. *aus biologischer Landwirtschaft. In Großbuchstaben angegebene Zutaten enthalten allergene Inhaltsstoffe."]},{"key":"Allergene:","value":["Enthält:Glutenhaltiges Getreide und daraus hergestellte Erzeugnisse, Sellerie und daraus gewonnene Erzeugnisse, Sesamsamen und daraus gewonnene Erzeugnisse"]},{"key":"Zubereitung:","value":["Grillen/Braten mit OberhitzeIm vorgeheizten Backrohr bei 150 - 160°C, 7-8 Minuten erwärmen.","Braten in FettMit etwas Öl auf beiden Seiten 2-3 Minuten fertig braten."]},{"key":"Bio-Kontrollstelle:","value":["AT-BIO-301"]},{"key":"Ökoherkunft:","value":["EU-/Nicht-EU-Landwirtschaft"]},{"key":"Zusatztext:","value":["Die Falafel sind bereits schonend im Backrohr vorgebacken."]},{"key":"Ursprungsland/Herkunftsort:","value":["Hergestellt in Österreich"]},{"key":"Verbrauchen nach dem Öffnen:","value":["2 Tage"]},{"key":"Kontakt:","value":["SPAR Österr. Warenhandels-AG","Europastraße 3, 5015 Salzburg, Österreich"]}],"nutritions":[{"key":" ","value":"100 g"},{"key":"","value":"Unzubereitet"},{"key":"Energie","value":"1013 kJ | 243 kcal"},{"key":"Fett","value":"15 g"},{"key":"Fett, davon gesättigte Fettsäuren","value":"2 g"},{"key":"Kohlenhydrate","value":"16 g"},{"key":"Kohlenhydrate, davon Zucker","value":"2,7 g"},{"key":"Ballaststoffe","value":"6,4 g"},{"key":"Eiweiß","value":"7,9 g"},{"key":"Salz","value":"1,5 g"},{"key":"Broteinheiten","value":"1,3 BE"}],"tags":["Bio","Vegan"]},
    {"url":"https://www.interspar.at/shop/lebensmittel/p/2038315","data":[{"key":"price","value":"2,29 €"},{"key":"oldPrice","value":"\n\t\t\t\t\t\n\t\t\t\t\t \n\t\t\t\t"},{"key":"pricePerUnit","value":"(11.45 €/kg)"},{"key":"productDetailsName","value":"SPAR Veggie - Vegane Bio-Laibchen Grünkern - 200 G"},{"key":"detailsDescription","value":"200 G"},{"key":"articleNumber","value":"Artikelnummer: 2038315"},{"key":"Lagerhinweis:","value":["Vor und nach dem Öffnen gekühlt lagern. Nach dem Öffnen innerhalb von 2 Tagen verbrauchen."]},{"key":"Zutaten:","value":["Zutaten: GRÜNKERN* 78%, Zwiebel*, Sonnenblumenöl*, Kürbiskerne*, Speisesalz, SENFKORN*, Gewürze* (enthalten SELLERIE*), Kräuter*, Zucker*, Karotten*, Knoblauch*, Verdickungsmittel: Johannisbrotkernmehl*. *aus biologischer Landwirtschaft. In Großbuchstaben angegebene Zutaten enthalten allergene Inhaltsstoffe."]},{"key":"Allergene:","value":["Enthält:Glutenhaltiges Getreide und daraus hergestellte Erzeugnisse, Sellerie und daraus gewonnene Erzeugnisse, Senf und daraus gewonnene Erzeugnisse"]},{"key":"Zubereitung:","value":["Zubereitung in der MikrowelleLaibchen aus der Verpackung nehmen. 2 Min. bei 800 Watt erwärmen.","BackenIm vorgeheizten Backrohr bei 180°C 5 Min. erwärmen.","Braten mit wenig FettMit etwas Öl auf beiden Seiten bei mittlerer Hitze 2 bis 3 Min. anbraten."]},{"key":"Bio-Kontrollstelle:","value":["AT-BIO-301"]},{"key":"Ökoherkunft:","value":["EU-/Nicht-EU-Landwirtschaft"]},{"key":"Ursprungsland/Herkunftsort:","value":["Hergestellt in Österreich"]},{"key":"Verbrauchen nach dem Öffnen:","value":["2 Tage"]},{"key":"Verwendungshinweis:","value":["Wir empfehlen das Produkt vor dem Verzehr durchzugaren."]},{"key":"Kontakt:","value":["SPAR Österr. Warenhandels-AG","Europastraße 3, 5015 Salzburg, Österreich"]}],"nutritions":[{"key":" ","value":"100 g"},{"key":"","value":"Unzubereitet"},{"key":"Energie","value":"693 kJ | 165 kcal"},{"key":"Fett","value":"7,2 g"},{"key":"Fett, davon gesättigte Fettsäuren","value":"1 g"},{"key":"Kohlenhydrate","value":"21 g"},{"key":"Kohlenhydrate, davon Zucker","value":"1,2 g"},{"key":"Ballaststoffe","value":"1 g"},{"key":"Eiweiß","value":"3,6 g"},{"key":"Salz","value":"1,2 g"},{"key":"Broteinheiten","value":"1,8 BE"}],"tags":["Bio","Vegan","Lactosefrei"]},
    {"url":"https://www.interspar.at/shop/lebensmittel/p/2040790","data":[{"key":"price","value":"2,29 €"},{"key":"oldPrice","value":"\n\t\t\t\t\t\n\t\t\t\t\t \n\t\t\t\t"},{"key":"pricePerUnit","value":"(11.45 €/kg)"},{"key":"productDetailsName","value":"SPAR Veggie - Vegane Bio-Laibchen Sonnenblumenkerne 2 Stück - 200 G"},{"key":"detailsDescription","value":"200 G"},{"key":"articleNumber","value":"Artikelnummer: 2040790"},{"key":"Lagerhinweis:","value":["Vor und nach dem Öffnen gekühlt bei +2°C bis +6°C lagern. Nach dem Öffnen innerhalb von 2 Tagen verbrauchen."]},{"key":"Zutaten:","value":["Zutaten: Naturreis* 70%, Sonnenblumenkerne* 13%, Karotten*, Zwiebel*, Sonnenblumenöl*, Speisesalz, Gewürze* (enthalten SELLERIE*), Kräuter*, Zucker*. *aus biologischer Landwirtschaft. In Großbuchstaben angegebene Zutaten enthalten allergene Inhaltsstoffe."]},{"key":"Allergene:","value":["Enthält:Sellerie und daraus gewonnene Erzeugnisse"]},{"key":"Zubereitung:","value":["BackenIm vorgeheizten Backrohr bei 180°C 5 Min. erwärmen.","Zubereitung in der MikrowelleLaibchen aus der Verpackung nehmen. 2 Min. bei 800 Watt erwärmen.","Braten mit wenig FettMit etwas Öl auf beiden Seiten bei mittlerer Hitze 2 bis 3 Min. anbraten."]},{"key":"Bio-Kontrollstelle:","value":["AT-BIO-301"]},{"key":"Ökoherkunft:","value":["EU-/Nicht-EU-Landwirtschaft"]},{"key":"Ursprungsland/Herkunftsort:","value":["hergestellt in Österreich"]},{"key":"Verbrauchen nach dem Öffnen:","value":["2 Tage"]},{"key":"Verwendungshinweis:","value":["Wir empfehlen das Produkt vor dem Verzehr durchzugaren."]},{"key":"Kontakt:","value":["SPAR Österr. Warenhandels-AG","Europastraße 3, 5015 Salzburg, Österreich"]}],"nutritions":[{"key":"","value":"Unzubereitet"},{"key":" ","value":"100 g"},{"key":"Energie","value":"988 kJ | 236 kcal"},{"key":"Fett","value":"10 g"},{"key":"Fett, davon gesättigte Fettsäuren","value":"1,1 g"},{"key":"Kohlenhydrate","value":"29 g"},{"key":"Kohlenhydrate, davon Zucker","value":"1,5 g"},{"key":"Ballaststoffe","value":"2,5 g"},{"key":"Eiweiß","value":"6,2 g"},{"key":"Salz","value":"1,1 g"},{"key":"Broteinheiten","value":"2,4 BE"}],"tags":["Bio","Vegan","Glutenfrei","Lactosefrei"]},
    {"url":"https://www.interspar.at/shop/lebensmittel/p/2120089","data":[{"key":"price","value":"1,49 €"},{"key":"oldPrice","value":"\n\t\t\t\t\t\n\t\t\t\t\t \n\t\t\t\t"},{"key":"pricePerUnit","value":"(11.92 €/kg)"},{"key":"productDetailsName","value":"SPAR Veggie - Veganer Bio-Hummus der Saison Olivenöl - 125 G"},{"key":"detailsDescription","value":"125 G"},{"key":"articleNumber","value":"Artikelnummer: 2120089"},{"key":"Lagerhinweis:","value":["Vor und nach dem Öffnen gekühlt lagern. Nach dem Öffnen innerhalb von 2 Tagen verbrauchen."]},{"key":"Zutaten:","value":["Zutaten: Kichererbsen* 38%, Trinkwasser, Sonnenblumenöl*, SESAMSAAT*, Olivenöl* 5%, SOJABOHNEN*, Speisesalz, Maisstärke*, Zitronensaftpulver*, Knoblauch*, Gewürze*, Verdickungsmittel: Johannisbrotkernmehl*, Maltodextrin*, natürliches Zitronenaroma. *aus biologischer Landwirtschaft. In Großbuchstaben angegebene Zutaten enthalten allergene Inhaltsstoffe."]},{"key":"Allergene:","value":["Enthält:Sesamsamen und daraus gewonnene Erzeugnisse, Sojabohnen und daraus gewonnene Erzeugnisse"]},{"key":"Bio-Kontrollstelle:","value":["AT-BIO-301"]},{"key":"Ökoherkunft:","value":["EU-/Nicht-EU-Landwirtschaft"]},{"key":"Zusatztext:","value":["Eine abwechslungsreiche, ausgewogene Ernährung, Bewegung und ein gesunder Lebensstil sind wichtig für die Gesundheit."]},{"key":"Ursprungsland/Herkunftsort:","value":["Hergestellt in Österreich"]},{"key":"Verbrauchen nach dem Öffnen:","value":["2 Tage"]},{"key":"Kontakt:","value":["SPAR Österr. Warenhandels-AG","Europastraße 3, 5015 Salzburg, Österreich"]}],"nutritions":[{"key":" ","value":"100 g"},{"key":"","value":"Unzubereitet"},{"key":"Energie","value":"1138 kJ | 275 kcal"},{"key":"Fett","value":"23 g"},{"key":"Fett, davon gesättigte Fettsäuren","value":"3,3 g"},{"key":"Kohlenhydrate","value":"9,6 g"},{"key":"Kohlenhydrate, davon Zucker","value":"1,3 g"},{"key":"Ballaststoffe","value":"2,5 g"},{"key":"Eiweiß","value":"6,1 g"},{"key":"Salz","value":"1,2 g"},{"key":"Broteinheiten","value":"0,8 BE"}],"tags":["Bio","Vegan"]},
    {"url":"https://www.interspar.at/shop/lebensmittel/p/2159836","data":[{"key":"price","value":"1,99 €"},{"key":"oldPrice","value":"\n\t\t\t\t\t\n\t\t\t\t\t \n\t\t\t\t"},{"key":"pricePerUnit","value":"(9.95 €/kg)"},{"key":"productDetailsName","value":"SPAR Veggie - Bio-Tofu Mediterran - 200 G"},{"key":"detailsDescription","value":"200 G"},{"key":"articleNumber","value":"Artikelnummer: 2159836"},{"key":"Lagerhinweis:","value":["Gekühlt lagern! Nach dem Öffnen rasch genießen!"]},{"key":"Zutaten:","value":["Zutaten: Wasser, 16% SOJABOHNEN*, 12% Tomaten*, Meersalz, 1.4% Tomatenflocken*, Weingeistessig*, Paprika edelsüß*, Gewürzmischung* (Paprika*, Pfeffer*, Thymian*, SELLERIE*, Zwiebel*, Oregano*, Rosmarin*, Majoran*, Knoblauch*), Paprika scharf*, italienische Kräuter* (Thymian*, Rosmarin*, Basilikum*, Majoran*, Bohnenkraut*, Oregano*), Gerinnungsmittel (Calciumsulfat, Nigari). *aus biologischer Landwirtschaft. In Großbuchstaben angegebene Zutaten enthalten allergene Inhaltsstoffe."]},{"key":"Allergene:","value":["Enthält:Sellerie und daraus gewonnene Erzeugnisse, Sojabohnen und daraus gewonnene Erzeugnisse"]},{"key":"Bio-Kontrollstelle:","value":["AT-BIO-301"]},{"key":"Ökoherkunft:","value":["EU-/Nicht-EU-Landwirtschaft"]},{"key":"Ursprungsland/Herkunftsort:","value":["Sorgfältig hergestellt in Österreich"]},{"key":"Kontakt:","value":["SPAR Österr. Warenhandels-AG","Europastraße 3, 5015 Salzburg, Österreich"]}],"nutritions":[{"key":" ","value":"100 g"},{"key":"","value":"Unzubereitet"},{"key":"Energie","value":"623 kJ | 150 kcal"},{"key":"Fett","value":"9,4 g"},{"key":"Fett, davon gesättigte Fettsäuren","value":"0 g"},{"key":"Kohlenhydrate","value":"1,2 g"},{"key":"Kohlenhydrate, davon Zucker","value":"1,1 g"},{"key":"Ballaststoffe","value":"2,1 g"},{"key":"Eiweiß","value":"14 g"},{"key":"Salz","value":"0,75 g"},{"key":"Broteinheiten","value":"0,1 BE"}],"tags":["Bio","Vegetarisch","Vegan"]},
    {"url":"https://www.interspar.at/shop/lebensmittel/p/2351391","data":[{"key":"price","value":"2,99 €"},{"key":"oldPrice","value":"\n\t\t\t\t\t\n\t\t\t\t\t \n\t\t\t\t"},{"key":"pricePerUnit","value":"(11.96 €/kg)"},{"key":"productDetailsName","value":"Rana - Tortellini Pesto-Basilico & Pinoli - 250 G"},{"key":"detailsDescription","value":"250 G"},{"key":"articleNumber","value":"Artikelnummer: 2351391"},{"key":"Lagerhinweis:","value":["Im Kühlschrank bei max. +7°C lagern. Nach dem Öffnen innerhalb von 3 Tagen verbrauchen."]},{"key":"Zutaten:","value":["Zutaten: Füllung 50%: Ricotta (MOLKE, MILCH, Kochsalz), Paniermehl (WEICHWEIZENMEHL, Wasser, Kochsalz, Hefe), Sonnenblumenöl 12,5%, Basilikum 7,5%, fettarmer KÄSE, SCHAFKÄSE 5%, Pflanzenfasern (Zichorie), MILCHZUCKER, CASHEWKERNE, Stärke, geriebener KÄSE 3%, Kochsalz, Pinienkerne 1%, natürliche Aromen, Säureregulator: Milchsäure. Teigwaren 50%: WEICHWEIZENMEHL, EI 30%, HARTWEIZENGRIESS. In Großbuchstaben angegebene Zutaten enthalten allergene Inhaltsstoffe."]},{"key":"Allergene:","value":["Kann Spuren enthalten von:Fische und daraus gewonnene Erzeugnisse, Krebstiere und daraus gewonnene Erzeugnisse, Sellerie und daraus gewonnene Erzeugnisse, Weichtiere und daraus gewonnene Erzeugnisse","Enthält:Eier und daraus gewonnene Erzeugnisse, Glutenhaltiges Getreide und daraus hergestellte Erzeugnisse, Milch und daraus gewonnene Erzeugnisse (inkl. Laktose), Schalenfrüchte und daraus gewonnene Erzeugnisse"]},{"key":"Zubereitung:","value":["Sieden in kochender FlüssigkeitIn reichlich kochendem Salzwasser eine Minute garen, abgießen und anrichten."]},{"key":"Verbrauchen nach dem Öffnen:","value":["3 Tage"]},{"key":"Kontakt:","value":["Pastificio RANA S.p.A.","Via Pacinotti 25, San Giovani Lupatoto, Italien"]}],"nutritions":[{"key":"","value":"Unzubereitet"},{"key":" ","value":"100 g"},{"key":"Energie","value":"1284 kJ | 307 kcal"},{"key":"Fett","value":"14 g"},{"key":"Fett, davon gesättigte Fettsäuren","value":"4,5 g"},{"key":"Kohlenhydrate","value":"34 g"},{"key":"Kohlenhydrate, davon Zucker","value":"4 g"},{"key":"Eiweiß","value":"10 g"},{"key":"Salz","value":"1 g"}],"tags":[]},
    {"url":"https://www.interspar.at/shop/lebensmittel/p/2352053","data":[{"key":"price","value":"2,99 €"},{"key":"oldPrice","value":"\n\t\t\t\t\t\n\t\t\t\t\t \n\t\t\t\t"},{"key":"pricePerUnit","value":"(11.96 €/kg)"},{"key":"productDetailsName","value":"Rana - Tortellini Prosciutto Crudo & Formaggio - 250 G"},{"key":"detailsDescription","value":"250 G"},{"key":"articleNumber","value":"Artikelnummer: 2352053"},{"key":"Lagerhinweis:","value":["Im Kühlschrank bei max. +7°C lagern. Nach dem Öffnen innerhalb von 3 Tagen verbrauchen."]},{"key":"Zutaten:","value":["Zutaten: Füllung 41%: Schweinefleisch, Paniermehl (WEICHWEIZENMEHL, Kochsalz, Hefe), roher Schinken 15% (Schweinefleisch, Kochsalz), MOLKENPULVER, natürliche Aromen (enthalten WEIZEN, GERSTE und MILCH), geriebener KÄSE 0,5%, Kochsalz, Gewürze;Teigwaren 59%: WEICHWEIZENMEHL, EI 30%, HARTWEIZENGRIESS.   In Großbuchstaben angegebene Zutaten enthalten allergene Inhaltsstoffe."]},{"key":"Allergene:","value":["Kann Spuren enthalten von:Erdnüsse und daraus gewonnene Erzeugnisse, Fische und daraus gewonnene Erzeugnisse, Krebstiere und daraus gewonnene Erzeugnisse, Schalenfrüchte und daraus gewonnene Erzeugnisse, Sellerie und daraus gewonnene Erzeugnisse, Weichtiere und daraus gewonnene Erzeugnisse","Enthält:Eier und daraus gewonnene Erzeugnisse, Glutenhaltiges Getreide und daraus hergestellte Erzeugnisse, Milch und daraus gewonnene Erzeugnisse (inkl. Laktose)"]},{"key":"Zubereitung:","value":["Sieden in kochender FlüssigkeitIn reichlich kochendem Salzwasser eine Minute garen, abgießen und anrichten. Salzwasser aufkochen und Pasta darin ziehen lassen. Garzeit beachten, um den optimalen Geschmack zu erhalten. Sorgfältig abgießen und die Pasta direkt auf den Teller anrichten. Nach Belieben in Butter oder Olivenöl abschmecken und mit Parmesan bestreuen."]},{"key":"Verbrauchen nach dem Öffnen:","value":["3 Tage"]},{"key":"Kontakt:","value":["Pastificio RANA S.p.A.","Via Pacinotti 25, San Giovani Lupatoto, Italien"]}],"nutritions":[{"key":"","value":"Unzubereitet"},{"key":" ","value":"100 g"},{"key":"Energie","value":"1263 kJ | 300 kcal"},{"key":"Fett","value":"7,5 g"},{"key":"Fett, davon gesättigte Fettsäuren","value":"3 g"},{"key":"Kohlenhydrate","value":"4 g"},{"key":"Kohlenhydrate, davon Zucker","value":"5 g"},{"key":"Eiweiß","value":"13 g"},{"key":"Salz","value":"1,9 g"}],"tags":[]},
    {"url":"https://www.interspar.at/shop/lebensmittel/p/2352152","data":[{"key":"price","value":"2,99 €"},{"key":"oldPrice","value":"\n\t\t\t\t\t\n\t\t\t\t\t \n\t\t\t\t"},{"key":"pricePerUnit","value":"(11.96 €/kg)"},{"key":"productDetailsName","value":"Rana - Ravioli 4 Formaggi - 250 G"},{"key":"detailsDescription","value":"250 G"},{"key":"articleNumber","value":"Artikelnummer: 2352152"},{"key":"Lagerhinweis:","value":["Im Kühlschrank bei max. +7°C lagern. Nach dem Öffnen innerhalb von 3 Tagen verbrauchen."]},{"key":"Zutaten:","value":["Zutaten: Füllung 53% (Ricotta (MOLKE, MILCH, Kochsalz), SAHNE, MOZZARELLA 8%. EDAMER 8%, Pflanzfasern, geriebener KÄSE 7%,  Sonnenblumenöl, Paniermehl (WEICHWEIZENMEHL, Kochsalz, Hefe), GORGONZOLA 6%, MOLKENPULVER, EMMENTALER 3%, Stärke, natürliche Aromen (enthalten MILCH, GERSTE), Kochsalz), Teigwaren 47% (WEICHWEIZENMEHL, HÜHNEREI 30%). In Großbuchstaben angegebene Zutaten enthalten allergene Inhaltsstoffe."]},{"key":"Allergene:","value":["Kann Spuren enthalten von:Fische und daraus gewonnene Erzeugnisse, Krebstiere und daraus gewonnene Erzeugnisse, Schalenfrüchte und daraus gewonnene Erzeugnisse, Sellerie und daraus gewonnene Erzeugnisse, Weichtiere und daraus gewonnene Erzeugnisse","Enthält:Eier und daraus gewonnene Erzeugnisse, Glutenhaltiges Getreide und daraus hergestellte Erzeugnisse, Milch und daraus gewonnene Erzeugnisse (inkl. Laktose)"]},{"key":"Zubereitung:","value":["Sieden in kochender Flüssigkeit1. Salzwasser aufkochen und Pasta darin ziehen lassen. 2. Garzeit beachten um den optimalen Geschmack zu erhalten. 3. Sorgfälltig abgießen und direkt auf den Teller anrichten. 4. Nach Belieben mit Butter oder Olivenöl abschmecken und mit Parmesan bestreuen."]},{"key":"Verbrauchen nach dem Öffnen:","value":["3 Tage"]},{"key":"Kontakt:","value":["Pastificio RANA S.p.A.","Via Pacinotti 25, 37057 San Giovani Lupatoto, Italien"]}],"nutritions":[{"key":"","value":"Unzubereitet"},{"key":" ","value":"100 g"},{"key":"Energie","value":"1305 kJ | 312 kcal"},{"key":"Fett","value":"14 g"},{"key":"Fett, davon gesättigte Fettsäuren","value":"6,6 g"},{"key":"Kohlenhydrate, davon Zucker","value":"3,4 g"},{"key":"Kohlenhydrate, davon mehrwertige Alkohole","value":"33 g"},{"key":"Eiweiß","value":"12 g"},{"key":"Salz","value":"1,2 g"}],"tags":[]},
    {"url":"https://www.interspar.at/shop/lebensmittel/p/2423210","data":[{"key":"price","value":"1,99 €"},{"key":"oldPrice","value":"\n\t\t\t\t\t\n\t\t\t\t\t \n\t\t\t\t"},{"key":"pricePerUnit","value":"(9.95 €/kg)"},{"key":"productDetailsName","value":"SPAR Veggie - Bio-Tofu Mandel-Nuss - 200 G"},{"key":"detailsDescription","value":"200 G"},{"key":"articleNumber","value":"Artikelnummer: 2423210"},{"key":"Lagerhinweis:","value":["Gekühlt lagern! Nach dem Öffnen rasch genießen!"]},{"key":"Zutaten:","value":["Zutaten: Wasser, 16% SOJABOHNEN*, 4% MANDELN*, 4% HASELNÜSSE*, Gemüsebrühe* (Meersalz, Karotten*, SELLERIE*, Zwiebeln*, Bärlauch*, Lauch*, Petersilie*, Liebstöckel*, Bockshornkleesaat*, Maismehl*, Sonnenblumenöl*), Kräutermischung*, Paprikapulver*, Buchenholzrauch, Gerinnungsmittel: Calciumsulfat. * aus kontrolliert biologischer Landwirtschaft. In Großbuchstaben angegebene Zutaten enthalten allergene Inhaltsstoffe."]},{"key":"Allergene:","value":["Enthält:Schalenfrüchte und daraus gewonnene Erzeugnisse, Sellerie und daraus gewonnene Erzeugnisse, Sojabohnen und daraus gewonnene Erzeugnisse"]},{"key":"Bio-Kontrollstelle:","value":["AT-BIO-301"]},{"key":"Ökoherkunft:","value":["EU-/Nicht-EU-Landwirtschaft"]},{"key":"Ursprungsland/Herkunftsort:","value":["Sorgfältig hergestellt in Österreich"]},{"key":"Kontakt:","value":["SPAR Österr. Warenhandels-AG","Europastraße 3, 5015 Salzburg, Österreich"]}],"nutritions":[{"key":"","value":"Unzubereitet"},{"key":" ","value":"100 g"},{"key":"Energie","value":"738 kJ | 177 kcal"},{"key":"Fett","value":"11 g"},{"key":"Fett, davon gesättigte Fettsäuren","value":"1,7 g"},{"key":"Kohlenhydrate","value":"0,6 g"},{"key":"Kohlenhydrate, davon Zucker","value":"0,6 g"},{"key":"Ballaststoffe","value":"4 g"},{"key":"Eiweiß","value":"17 g"},{"key":"Salz","value":"0,5 g"},{"key":"Broteinheiten","value":"0,1 BE"}],"tags":["Bio","Vegan","Glutenfrei","Lactosefrei"]},
    {"url":"https://www.interspar.at/shop/lebensmittel/p/2423258","data":[{"key":"price","value":"2,99 €"},{"key":"oldPrice","value":"\n\t\t\t\t\t\n\t\t\t\t\t \n\t\t\t\t"},{"key":"pricePerUnit","value":"(19.93 €/kg)"},{"key":"productDetailsName","value":"Wilmersburger - Scheiben Classic - 150 G"},{"key":"detailsDescription","value":"150 G"},{"key":"articleNumber","value":"Artikelnummer: 2423258"},{"key":"Lagerhinweis:","value":["Nach dem Öffnen rasch verzehren. Ungeöffnet bei +2 bis +8°C haltbar."]},{"key":"Zutaten:","value":["Zutaten: Wasser, Kokosöl (ungehärtet) (20,5%), modifizierte Stärke, Stärke, Meersalz, Aromen, Konservierungsstoff: Kaliumsorbat, Farbstoff: Beta-Carotin."]},{"key":"","value":["Sojafrei"]},{"key":"","value":["Glutenfrei","Laktosefrei"]},{"key":"Kontakt:","value":["Clasoft GmbH","Kalker Hauptstraße 296, 51103 Köln, Deutschland"]}],"nutritions":[],"tags":["Glutenfrei","Lactosefrei"]},
    {"url":"https://www.interspar.at/shop/lebensmittel/p/2622996","data":[{"key":"price","value":"2,29 €"},{"key":"oldPrice","value":"\n\t\t\t\t\t\n\t\t\t\t\t \n\t\t\t\t"},{"key":"pricePerUnit","value":"(11.45 €/kg)"},{"key":"productDetailsName","value":"SPAR Veggie - Vegane Bio-Laibchen Gemüse - 200 G"},{"key":"detailsDescription","value":"200 G"},{"key":"articleNumber","value":"Artikelnummer: 2622996"},{"key":"Lagerhinweis:","value":["Vor und nach dem Öffnen gekühlt lagern. Nach dem Öffnen innerhalb von 2 Tagen verbrauchen."]},{"key":"Zutaten:","value":["Zutaten: Naturrundkornreis*, Gemüse* 34% (Karotten*, Zwiebel*, Mais*, Erbsen*, Paprika*), HASELNÜSSE*, Sonnenblumenöl*, Speisesalz, Kräuter*, Gewürze* (enthalten SELLERIE*), Zucker*, Knoblauch*. *aus biologischer Landwirtschaft. In Großbuchstaben angegebene Zutaten enthalten allergene Inhaltsstoffe."]},{"key":"Allergene:","value":["Enthält:Schalenfrüchte und daraus gewonnene Erzeugnisse, Sellerie und daraus gewonnene Erzeugnisse"]},{"key":"Zubereitung:","value":["Braten mit wenig FettMit etwas Öl auf beiden Seiten bei mittlerer Hitze 2 bis3 Min. anbraten. Wir empfehlen das Produkt vor dem Verzehr durchzugaren.","Zubereitung in der MikrowelleLaibchen aus der Verpackung nehmen. 2 Min. bei 800 Watt erwärmen. Wir empfehlen das Produkt vor dem Verzehr durchzugaren.","BackenIm vorgeheizten Backrohr bei 180°C 5 Min. erwärmen. Wir empfehlen das Produkt vor dem Verzehr durchzugaren."]},{"key":"Bio-Kontrollstelle:","value":["AT-BIO-301"]},{"key":"Ökoherkunft:","value":["EU-/Nicht-EU-Landwirtschaft"]},{"key":"Ursprungsland/Herkunftsort:","value":["Hergestellt in Österreich"]},{"key":"Kontakt:","value":["SPAR Österr. Warenhandels-AG","Europastraße 3, 5015 Salzburg, Österreich"]}],"nutritions":[{"key":"","value":"Unzubereitet"},{"key":" ","value":"100 g"},{"key":"Energie","value":"821 kJ | 196 kcal"},{"key":"Fett","value":"7,6 g"},{"key":"Fett, davon gesättigte Fettsäuren","value":"0,8 g"},{"key":"Kohlenhydrate","value":"27 g"},{"key":"Kohlenhydrate, davon Zucker","value":"2,3 g"},{"key":"Ballaststoffe","value":"2 g"},{"key":"Eiweiß","value":"3,8 g"},{"key":"Salz","value":"1,1 g"},{"key":"Broteinheiten","value":"2,3 BE"}],"tags":["Bio","Vegan"]},
    {"url":"https://www.interspar.at/shop/lebensmittel/p/2623085","data":[{"key":"price","value":"1,49 €"},{"key":"oldPrice","value":"\n\t\t\t\t\t\n\t\t\t\t\t \n\t\t\t\t"},{"key":"pricePerUnit","value":"(18.63 €/kg)"},{"key":"productDetailsName","value":"SPAR Veggie - Vegetarische Gurkerl Extra - 80 G"},{"key":"detailsDescription","value":"80 G"},{"key":"articleNumber","value":"Artikelnummer: 2623085"},{"key":"Lagerhinweis:","value":["Vor und nach dem Öffnen im Kühlschrank lagern und innerhalb von 2 Tagen verbrauchen."]},{"key":"Zutaten:","value":["Zutaten: Wasser, Palmfett, 10% Gewürzgurken (Gurken, Zucker, Säureessig, Salz unjodiert, natürliche Aromen), 5% MILCHEIWEISSPULVER, 3% Erbseneiweißpulver, Sonnenblumenöl, HÜHNEREIEIWEISSPULVER, Salz unjodiert, Gewürze, Gewürzextrakte, Verdickungsmittel: Carrageen, Johannisbrotkernmehl; Aroniabeerenextrakt, Paprikaextrakt, Speisewürze (aus hydrolisiertem MOLKENEIWEISS), Zucker, Maltodextrin, Dextrose, Säureregulatoren: Natriumacetat, Natriumlactat; Geschmacksverstärker: Mononatriumglutamat, Antioxidationsmittel: Ascorbinsäure, Farbstoff: Lycopin aus roten Tomaten. In Großbuchstaben angegebene Zutaten enthalten allergene Inhaltsstoffe."]},{"key":"Allergene:","value":["Kann Spuren enthalten von:Sellerie und daraus gewonnene Erzeugnisse, Senf und daraus gewonnene Erzeugnisse","Enthält:Eier und daraus gewonnene Erzeugnisse, Milch und daraus gewonnene Erzeugnisse (inkl. Laktose)"]},{"key":"","value":["Eiweiß-Quelle"]},{"key":"","value":["Glutenfrei"]},{"key":"Ursprungsland/Herkunftsort:","value":["hergestellt in Österreich"]},{"key":"Verbrauchen nach dem Öffnen:","value":["2 Tage"]},{"key":"Verwendungshinweis:","value":["Zum Kochen und Braten nicht geeignet."]},{"key":"Kontakt:","value":["SPAR Österr. Warenhandels-AG","Europastraße 3, 5015 Salzburg, Österreich"]}],"nutritions":[{"key":"","value":"Unzubereitet"},{"key":" ","value":"100 g"},{"key":"Energie","value":"764 kJ | 184 kcal"},{"key":"Fett","value":"15 g"},{"key":"Fett, davon gesättigte Fettsäuren","value":"7,1 g"},{"key":"Kohlenhydrate","value":"2,9 g"},{"key":"Kohlenhydrate, davon Zucker","value":"1,6 g"},{"key":"Ballaststoffe","value":"1 g"},{"key":"Eiweiß","value":"8,9 g"},{"key":"Salz","value":"3 g"},{"key":"Broteinheiten","value":"0,2 BE"},{"key":"","value":"Unzubereitet"},{"key":" ","value":"Portion (20 g)"},{"key":"Energie","value":"153 kJ | 37 kcal"},{"key":"Fett","value":"3 g"},{"key":"Fett, davon gesättigte Fettsäuren","value":"1,4 g"},{"key":"Kohlenhydrate","value":"0,6 g"},{"key":"Kohlenhydrate, davon Zucker","value":"0,3 g"},{"key":"Ballaststoffe","value":"0,2 g"},{"key":"Eiweiß","value":"1,8 g"},{"key":"Salz","value":"0,6 g"},{"key":"Broteinheiten","value":"0,1 BE"}],"tags":["Vegetarisch","Glutenfrei"]},
    {"url":"https://www.interspar.at/shop/lebensmittel/p/2623191","data":[{"key":"price","value":"1,49 €"},{"key":"oldPrice","value":"\n\t\t\t\t\t\n\t\t\t\t\t \n\t\t\t\t"},{"key":"pricePerUnit","value":"(18.63 €/kg)"},{"key":"productDetailsName","value":"SPAR Veggie - Vegetarische Feine Extra - 80 G"},{"key":"detailsDescription","value":"80 G"},{"key":"articleNumber","value":"Artikelnummer: 2623191"},{"key":"Lagerhinweis:","value":["Vor und nach dem Öffnen gekühlt lagern und innerhalb von 2 Tagen verbrauchen."]},{"key":"Zutaten:","value":["Zutaten: Wasser, Palmfett, 5% MILCHEIWEISSPULVER, 3% Erbseneiweißpulver, Sonnenblumenöl, HÜHNEREIEIWEISSPULVER, Salz unjodiert, Gewürze, Gewürzextrakte, Verdickungsmittel: Carrageen, Johannisbrotkernmehl; Aroniabeerenextrakt, Paprikaextrakt, Speisewürze (aus hydrolisiertem MOLKENEIWEISS), Zucker, Maltodextrin, Dextrose, Säureregulatoren: Natriumacetat, Natriumlactat; Geschmacksverstärker: Mononatriumglutamat, Antioxidationsmittel: Ascorbinsäure, Farbstoff: Lycopin aus roten Tomaten. In Großbuchstaben angegebene Zutaten enthalten allergene Inhaltsstoffe."]},{"key":"Allergene:","value":["Kann Spuren enthalten von:Sellerie und daraus gewonnene Erzeugnisse, Senf und daraus gewonnene Erzeugnisse","Enthält:Eier und daraus gewonnene Erzeugnisse, Milch und daraus gewonnene Erzeugnisse (inkl. Laktose)"]},{"key":"","value":["Eiweiß-Quelle"]},{"key":"","value":["Glutenfrei"]},{"key":"Ursprungsland/Herkunftsort:","value":["hergestellt in Österreich"]},{"key":"Verbrauchen nach dem Öffnen:","value":["2 Tage"]},{"key":"Verwendungshinweis:","value":["Zum Kochen und Braten nicht geeignet."]},{"key":"Kontakt:","value":["SPAR Österr. Warenhandels-AG","Europastraße 3, 5015 Salzburg, Österreich"]}],"nutritions":[{"key":"","value":"Unzubereitet"},{"key":" ","value":"100 g"},{"key":"Energie","value":"835 kJ | 201 kcal"},{"key":"Fett","value":"16 g"},{"key":"Fett, davon gesättigte Fettsäuren","value":"7,6 g"},{"key":"Kohlenhydrate","value":"4,3 g"},{"key":"Kohlenhydrate, davon Zucker","value":"1,7 g"},{"key":"Ballaststoffe","value":"1,1 g"},{"key":"Eiweiß","value":"9,5 g"},{"key":"Salz","value":"2,9 g"},{"key":"Broteinheiten","value":"0,4 BE"},{"key":"","value":"Unzubereitet"},{"key":" ","value":"Portion (20 g)"},{"key":"Energie","value":"167 kJ | 40 kcal"},{"key":"Fett","value":"3,2 g"},{"key":"Fett, davon gesättigte Fettsäuren","value":"1,5 g"},{"key":"Kohlenhydrate","value":"0,9 g"},{"key":"Kohlenhydrate, davon Zucker","value":"0,3 g"},{"key":"Ballaststoffe","value":"0,2 g"},{"key":"Eiweiß","value":"1,9 g"},{"key":"Salz","value":"0,58 g"},{"key":"Broteinheiten","value":"0,1 BE"}],"tags":["Glutenfrei"]},
    {"url":"https://www.interspar.at/shop/lebensmittel/p/2038315","data":[{"key":"price","value":"2,29 €"},{"key":"oldPrice","value":"\n\t\t\t\t\t\n\t\t\t\t\t \n\t\t\t\t"},{"key":"pricePerUnit","value":"(11.45 €/kg)"},{"key":"productDetailsName","value":"SPAR Veggie - Vegane Bio-Laibchen Grünkern - 200 G"},{"key":"detailsDescription","value":"200 G"},{"key":"articleNumber","value":"Artikelnummer: 2038315"},{"key":"Lagerhinweis:","value":["Vor und nach dem Öffnen gekühlt lagern. Nach dem Öffnen innerhalb von 2 Tagen verbrauchen."]},{"key":"Zutaten:","value":["Zutaten: GRÜNKERN* 78%, Zwiebel*, Sonnenblumenöl*, Kürbiskerne*, Speisesalz, SENFKORN*, Gewürze* (enthalten SELLERIE*), Kräuter*, Zucker*, Karotten*, Knoblauch*, Verdickungsmittel: Johannisbrotkernmehl*. *aus biologischer Landwirtschaft. In Großbuchstaben angegebene Zutaten enthalten allergene Inhaltsstoffe."]},{"key":"Allergene:","value":["Enthält:Glutenhaltiges Getreide und daraus hergestellte Erzeugnisse, Sellerie und daraus gewonnene Erzeugnisse, Senf und daraus gewonnene Erzeugnisse"]},{"key":"Zubereitung:","value":["Zubereitung in der MikrowelleLaibchen aus der Verpackung nehmen. 2 Min. bei 800 Watt erwärmen.","BackenIm vorgeheizten Backrohr bei 180°C 5 Min. erwärmen.","Braten mit wenig FettMit etwas Öl auf beiden Seiten bei mittlerer Hitze 2 bis 3 Min. anbraten."]},{"key":"Bio-Kontrollstelle:","value":["AT-BIO-301"]},{"key":"Ökoherkunft:","value":["EU-/Nicht-EU-Landwirtschaft"]},{"key":"Ursprungsland/Herkunftsort:","value":["Hergestellt in Österreich"]},{"key":"Verbrauchen nach dem Öffnen:","value":["2 Tage"]},{"key":"Verwendungshinweis:","value":["Wir empfehlen das Produkt vor dem Verzehr durchzugaren."]},{"key":"Kontakt:","value":["SPAR Österr. Warenhandels-AG","Europastraße 3, 5015 Salzburg, Österreich"]}],"nutritions":[{"key":" ","value":"100 g"},{"key":"","value":"Unzubereitet"},{"key":"Energie","value":"693 kJ | 165 kcal"},{"key":"Fett","value":"7,2 g"},{"key":"Fett, davon gesättigte Fettsäuren","value":"1 g"},{"key":"Kohlenhydrate","value":"21 g"},{"key":"Kohlenhydrate, davon Zucker","value":"1,2 g"},{"key":"Ballaststoffe","value":"1 g"},{"key":"Eiweiß","value":"3,6 g"},{"key":"Salz","value":"1,2 g"},{"key":"Broteinheiten","value":"1,8 BE"}],"tags":["Bio","Vegan","Lactosefrei"]},
    {"url":"https://www.interspar.at/shop/lebensmittel/p/2040790","data":[{"key":"price","value":"2,29 €"},{"key":"oldPrice","value":"\n\t\t\t\t\t\n\t\t\t\t\t \n\t\t\t\t"},{"key":"pricePerUnit","value":"(11.45 €/kg)"},{"key":"productDetailsName","value":"SPAR Veggie - Vegane Bio-Laibchen Sonnenblumenkerne 2 Stück - 200 G"},{"key":"detailsDescription","value":"200 G"},{"key":"articleNumber","value":"Artikelnummer: 2040790"},{"key":"Lagerhinweis:","value":["Vor und nach dem Öffnen gekühlt bei +2°C bis +6°C lagern. Nach dem Öffnen innerhalb von 2 Tagen verbrauchen."]},{"key":"Zutaten:","value":["Zutaten: Naturreis* 70%, Sonnenblumenkerne* 13%, Karotten*, Zwiebel*, Sonnenblumenöl*, Speisesalz, Gewürze* (enthalten SELLERIE*), Kräuter*, Zucker*. *aus biologischer Landwirtschaft. In Großbuchstaben angegebene Zutaten enthalten allergene Inhaltsstoffe."]},{"key":"Allergene:","value":["Enthält:Sellerie und daraus gewonnene Erzeugnisse"]},{"key":"Zubereitung:","value":["BackenIm vorgeheizten Backrohr bei 180°C 5 Min. erwärmen.","Zubereitung in der MikrowelleLaibchen aus der Verpackung nehmen. 2 Min. bei 800 Watt erwärmen.","Braten mit wenig FettMit etwas Öl auf beiden Seiten bei mittlerer Hitze 2 bis 3 Min. anbraten."]},{"key":"Bio-Kontrollstelle:","value":["AT-BIO-301"]},{"key":"Ökoherkunft:","value":["EU-/Nicht-EU-Landwirtschaft"]},{"key":"Ursprungsland/Herkunftsort:","value":["hergestellt in Österreich"]},{"key":"Verbrauchen nach dem Öffnen:","value":["2 Tage"]},{"key":"Verwendungshinweis:","value":["Wir empfehlen das Produkt vor dem Verzehr durchzugaren."]},{"key":"Kontakt:","value":["SPAR Österr. Warenhandels-AG","Europastraße 3, 5015 Salzburg, Österreich"]}],"nutritions":[{"key":"","value":"Unzubereitet"},{"key":" ","value":"100 g"},{"key":"Energie","value":"988 kJ | 236 kcal"},{"key":"Fett","value":"10 g"},{"key":"Fett, davon gesättigte Fettsäuren","value":"1,1 g"},{"key":"Kohlenhydrate","value":"29 g"},{"key":"Kohlenhydrate, davon Zucker","value":"1,5 g"},{"key":"Ballaststoffe","value":"2,5 g"},{"key":"Eiweiß","value":"6,2 g"},{"key":"Salz","value":"1,1 g"},{"key":"Broteinheiten","value":"2,4 BE"}],"tags":["Bio","Vegan","Glutenfrei","Lactosefrei"]},
    {"url":"https://www.interspar.at/shop/lebensmittel/p/2120089","data":[{"key":"price","value":"1,49 €"},{"key":"oldPrice","value":"\n\t\t\t\t\t\n\t\t\t\t\t \n\t\t\t\t"},{"key":"pricePerUnit","value":"(11.92 €/kg)"},{"key":"productDetailsName","value":"SPAR Veggie - Veganer Bio-Hummus der Saison Olivenöl - 125 G"},{"key":"detailsDescription","value":"125 G"},{"key":"articleNumber","value":"Artikelnummer: 2120089"},{"key":"Lagerhinweis:","value":["Vor und nach dem Öffnen gekühlt lagern. Nach dem Öffnen innerhalb von 2 Tagen verbrauchen."]},{"key":"Zutaten:","value":["Zutaten: Kichererbsen* 38%, Trinkwasser, Sonnenblumenöl*, SESAMSAAT*, Olivenöl* 5%, SOJABOHNEN*, Speisesalz, Maisstärke*, Zitronensaftpulver*, Knoblauch*, Gewürze*, Verdickungsmittel: Johannisbrotkernmehl*, Maltodextrin*, natürliches Zitronenaroma. *aus biologischer Landwirtschaft. In Großbuchstaben angegebene Zutaten enthalten allergene Inhaltsstoffe."]},{"key":"Allergene:","value":["Enthält:Sesamsamen und daraus gewonnene Erzeugnisse, Sojabohnen und daraus gewonnene Erzeugnisse"]},{"key":"Bio-Kontrollstelle:","value":["AT-BIO-301"]},{"key":"Ökoherkunft:","value":["EU-/Nicht-EU-Landwirtschaft"]},{"key":"Zusatztext:","value":["Eine abwechslungsreiche, ausgewogene Ernährung, Bewegung und ein gesunder Lebensstil sind wichtig für die Gesundheit."]},{"key":"Ursprungsland/Herkunftsort:","value":["Hergestellt in Österreich"]},{"key":"Verbrauchen nach dem Öffnen:","value":["2 Tage"]},{"key":"Kontakt:","value":["SPAR Österr. Warenhandels-AG","Europastraße 3, 5015 Salzburg, Österreich"]}],"nutritions":[{"key":" ","value":"100 g"},{"key":"","value":"Unzubereitet"},{"key":"Energie","value":"1138 kJ | 275 kcal"},{"key":"Fett","value":"23 g"},{"key":"Fett, davon gesättigte Fettsäuren","value":"3,3 g"},{"key":"Kohlenhydrate","value":"9,6 g"},{"key":"Kohlenhydrate, davon Zucker","value":"1,3 g"},{"key":"Ballaststoffe","value":"2,5 g"},{"key":"Eiweiß","value":"6,1 g"},{"key":"Salz","value":"1,2 g"},{"key":"Broteinheiten","value":"0,8 BE"}],"tags":["Bio","Vegan"]},
    {"url":"https://www.interspar.at/shop/lebensmittel/p/2159836","data":[{"key":"price","value":"1,99 €"},{"key":"oldPrice","value":"\n\t\t\t\t\t\n\t\t\t\t\t \n\t\t\t\t"},{"key":"pricePerUnit","value":"(9.95 €/kg)"},{"key":"productDetailsName","value":"SPAR Veggie - Bio-Tofu Mediterran - 200 G"},{"key":"detailsDescription","value":"200 G"},{"key":"articleNumber","value":"Artikelnummer: 2159836"},{"key":"Lagerhinweis:","value":["Gekühlt lagern! Nach dem Öffnen rasch genießen!"]},{"key":"Zutaten:","value":["Zutaten: Wasser, 16% SOJABOHNEN*, 12% Tomaten*, Meersalz, 1.4% Tomatenflocken*, Weingeistessig*, Paprika edelsüß*, Gewürzmischung* (Paprika*, Pfeffer*, Thymian*, SELLERIE*, Zwiebel*, Oregano*, Rosmarin*, Majoran*, Knoblauch*), Paprika scharf*, italienische Kräuter* (Thymian*, Rosmarin*, Basilikum*, Majoran*, Bohnenkraut*, Oregano*), Gerinnungsmittel (Calciumsulfat, Nigari). *aus biologischer Landwirtschaft. In Großbuchstaben angegebene Zutaten enthalten allergene Inhaltsstoffe."]},{"key":"Allergene:","value":["Enthält:Sellerie und daraus gewonnene Erzeugnisse, Sojabohnen und daraus gewonnene Erzeugnisse"]},{"key":"Bio-Kontrollstelle:","value":["AT-BIO-301"]},{"key":"Ökoherkunft:","value":["EU-/Nicht-EU-Landwirtschaft"]},{"key":"Ursprungsland/Herkunftsort:","value":["Sorgfältig hergestellt in Österreich"]},{"key":"Kontakt:","value":["SPAR Österr. Warenhandels-AG","Europastraße 3, 5015 Salzburg, Österreich"]}],"nutritions":[{"key":" ","value":"100 g"},{"key":"","value":"Unzubereitet"},{"key":"Energie","value":"623 kJ | 150 kcal"},{"key":"Fett","value":"9,4 g"},{"key":"Fett, davon gesättigte Fettsäuren","value":"0 g"},{"key":"Kohlenhydrate","value":"1,2 g"},{"key":"Kohlenhydrate, davon Zucker","value":"1,1 g"},{"key":"Ballaststoffe","value":"2,1 g"},{"key":"Eiweiß","value":"14 g"},{"key":"Salz","value":"0,75 g"},{"key":"Broteinheiten","value":"0,1 BE"}],"tags":["Bio","Vegetarisch","Vegan"]},
    {"url":"https://www.interspar.at/shop/lebensmittel/p/2351391","data":[{"key":"price","value":"2,99 €"},{"key":"oldPrice","value":"\n\t\t\t\t\t\n\t\t\t\t\t \n\t\t\t\t"},{"key":"pricePerUnit","value":"(11.96 €/kg)"},{"key":"productDetailsName","value":"Rana - Tortellini Pesto-Basilico & Pinoli - 250 G"},{"key":"detailsDescription","value":"250 G"},{"key":"articleNumber","value":"Artikelnummer: 2351391"},{"key":"Lagerhinweis:","value":["Im Kühlschrank bei max. +7°C lagern. Nach dem Öffnen innerhalb von 3 Tagen verbrauchen."]},{"key":"Zutaten:","value":["Zutaten: Füllung 50%: Ricotta (MOLKE, MILCH, Kochsalz), Paniermehl (WEICHWEIZENMEHL, Wasser, Kochsalz, Hefe), Sonnenblumenöl 12,5%, Basilikum 7,5%, fettarmer KÄSE, SCHAFKÄSE 5%, Pflanzenfasern (Zichorie), MILCHZUCKER, CASHEWKERNE, Stärke, geriebener KÄSE 3%, Kochsalz, Pinienkerne 1%, natürliche Aromen, Säureregulator: Milchsäure. Teigwaren 50%: WEICHWEIZENMEHL, EI 30%, HARTWEIZENGRIESS. In Großbuchstaben angegebene Zutaten enthalten allergene Inhaltsstoffe."]},{"key":"Allergene:","value":["Kann Spuren enthalten von:Fische und daraus gewonnene Erzeugnisse, Krebstiere und daraus gewonnene Erzeugnisse, Sellerie und daraus gewonnene Erzeugnisse, Weichtiere und daraus gewonnene Erzeugnisse","Enthält:Eier und daraus gewonnene Erzeugnisse, Glutenhaltiges Getreide und daraus hergestellte Erzeugnisse, Milch und daraus gewonnene Erzeugnisse (inkl. Laktose), Schalenfrüchte und daraus gewonnene Erzeugnisse"]},{"key":"Zubereitung:","value":["Sieden in kochender FlüssigkeitIn reichlich kochendem Salzwasser eine Minute garen, abgießen und anrichten."]},{"key":"Verbrauchen nach dem Öffnen:","value":["3 Tage"]},{"key":"Kontakt:","value":["Pastificio RANA S.p.A.","Via Pacinotti 25, San Giovani Lupatoto, Italien"]}],"nutritions":[{"key":"","value":"Unzubereitet"},{"key":" ","value":"100 g"},{"key":"Energie","value":"1284 kJ | 307 kcal"},{"key":"Fett","value":"14 g"},{"key":"Fett, davon gesättigte Fettsäuren","value":"4,5 g"},{"key":"Kohlenhydrate","value":"34 g"},{"key":"Kohlenhydrate, davon Zucker","value":"4 g"},{"key":"Eiweiß","value":"10 g"},{"key":"Salz","value":"1 g"}],"tags":[]},
    {"url":"https://www.interspar.at/shop/lebensmittel/p/2352053","data":[{"key":"price","value":"2,99 €"},{"key":"oldPrice","value":"\n\t\t\t\t\t\n\t\t\t\t\t \n\t\t\t\t"},{"key":"pricePerUnit","value":"(11.96 €/kg)"},{"key":"productDetailsName","value":"Rana - Tortellini Prosciutto Crudo & Formaggio - 250 G"},{"key":"detailsDescription","value":"250 G"},{"key":"articleNumber","value":"Artikelnummer: 2352053"},{"key":"Lagerhinweis:","value":["Im Kühlschrank bei max. +7°C lagern. Nach dem Öffnen innerhalb von 3 Tagen verbrauchen."]},{"key":"Zutaten:","value":["Zutaten: Füllung 41%: Schweinefleisch, Paniermehl (WEICHWEIZENMEHL, Kochsalz, Hefe), roher Schinken 15% (Schweinefleisch, Kochsalz), MOLKENPULVER, natürliche Aromen (enthalten WEIZEN, GERSTE und MILCH), geriebener KÄSE 0,5%, Kochsalz, Gewürze;Teigwaren 59%: WEICHWEIZENMEHL, EI 30%, HARTWEIZENGRIESS.   In Großbuchstaben angegebene Zutaten enthalten allergene Inhaltsstoffe."]},{"key":"Allergene:","value":["Kann Spuren enthalten von:Erdnüsse und daraus gewonnene Erzeugnisse, Fische und daraus gewonnene Erzeugnisse, Krebstiere und daraus gewonnene Erzeugnisse, Schalenfrüchte und daraus gewonnene Erzeugnisse, Sellerie und daraus gewonnene Erzeugnisse, Weichtiere und daraus gewonnene Erzeugnisse","Enthält:Eier und daraus gewonnene Erzeugnisse, Glutenhaltiges Getreide und daraus hergestellte Erzeugnisse, Milch und daraus gewonnene Erzeugnisse (inkl. Laktose)"]},{"key":"Zubereitung:","value":["Sieden in kochender FlüssigkeitIn reichlich kochendem Salzwasser eine Minute garen, abgießen und anrichten. Salzwasser aufkochen und Pasta darin ziehen lassen. Garzeit beachten, um den optimalen Geschmack zu erhalten. Sorgfältig abgießen und die Pasta direkt auf den Teller anrichten. Nach Belieben in Butter oder Olivenöl abschmecken und mit Parmesan bestreuen."]},{"key":"Verbrauchen nach dem Öffnen:","value":["3 Tage"]},{"key":"Kontakt:","value":["Pastificio RANA S.p.A.","Via Pacinotti 25, San Giovani Lupatoto, Italien"]}],"nutritions":[{"key":"","value":"Unzubereitet"},{"key":" ","value":"100 g"},{"key":"Energie","value":"1263 kJ | 300 kcal"},{"key":"Fett","value":"7,5 g"},{"key":"Fett, davon gesättigte Fettsäuren","value":"3 g"},{"key":"Kohlenhydrate","value":"4 g"},{"key":"Kohlenhydrate, davon Zucker","value":"5 g"},{"key":"Eiweiß","value":"13 g"},{"key":"Salz","value":"1,9 g"}],"tags":[]},
    {"url":"https://www.interspar.at/shop/lebensmittel/p/2352152","data":[{"key":"price","value":"2,99 €"},{"key":"oldPrice","value":"\n\t\t\t\t\t\n\t\t\t\t\t \n\t\t\t\t"},{"key":"pricePerUnit","value":"(11.96 €/kg)"},{"key":"productDetailsName","value":"Rana - Ravioli 4 Formaggi - 250 G"},{"key":"detailsDescription","value":"250 G"},{"key":"articleNumber","value":"Artikelnummer: 2352152"},{"key":"Lagerhinweis:","value":["Im Kühlschrank bei max. +7°C lagern. Nach dem Öffnen innerhalb von 3 Tagen verbrauchen."]},{"key":"Zutaten:","value":["Zutaten: Füllung 53% (Ricotta (MOLKE, MILCH, Kochsalz), SAHNE, MOZZARELLA 8%. EDAMER 8%, Pflanzfasern, geriebener KÄSE 7%,  Sonnenblumenöl, Paniermehl (WEICHWEIZENMEHL, Kochsalz, Hefe), GORGONZOLA 6%, MOLKENPULVER, EMMENTALER 3%, Stärke, natürliche Aromen (enthalten MILCH, GERSTE), Kochsalz), Teigwaren 47% (WEICHWEIZENMEHL, HÜHNEREI 30%). In Großbuchstaben angegebene Zutaten enthalten allergene Inhaltsstoffe."]},{"key":"Allergene:","value":["Kann Spuren enthalten von:Fische und daraus gewonnene Erzeugnisse, Krebstiere und daraus gewonnene Erzeugnisse, Schalenfrüchte und daraus gewonnene Erzeugnisse, Sellerie und daraus gewonnene Erzeugnisse, Weichtiere und daraus gewonnene Erzeugnisse","Enthält:Eier und daraus gewonnene Erzeugnisse, Glutenhaltiges Getreide und daraus hergestellte Erzeugnisse, Milch und daraus gewonnene Erzeugnisse (inkl. Laktose)"]},{"key":"Zubereitung:","value":["Sieden in kochender Flüssigkeit1. Salzwasser aufkochen und Pasta darin ziehen lassen. 2. Garzeit beachten um den optimalen Geschmack zu erhalten. 3. Sorgfälltig abgießen und direkt auf den Teller anrichten. 4. Nach Belieben mit Butter oder Olivenöl abschmecken und mit Parmesan bestreuen."]},{"key":"Verbrauchen nach dem Öffnen:","value":["3 Tage"]},{"key":"Kontakt:","value":["Pastificio RANA S.p.A.","Via Pacinotti 25, 37057 San Giovani Lupatoto, Italien"]}],"nutritions":[{"key":"","value":"Unzubereitet"},{"key":" ","value":"100 g"},{"key":"Energie","value":"1305 kJ | 312 kcal"},{"key":"Fett","value":"14 g"},{"key":"Fett, davon gesättigte Fettsäuren","value":"6,6 g"},{"key":"Kohlenhydrate, davon Zucker","value":"3,4 g"},{"key":"Kohlenhydrate, davon mehrwertige Alkohole","value":"33 g"},{"key":"Eiweiß","value":"12 g"},{"key":"Salz","value":"1,2 g"}],"tags":[]},
    {"url":"https://www.interspar.at/shop/lebensmittel/p/2423210","data":[{"key":"price","value":"1,99 €"},{"key":"oldPrice","value":"\n\t\t\t\t\t\n\t\t\t\t\t \n\t\t\t\t"},{"key":"pricePerUnit","value":"(9.95 €/kg)"},{"key":"productDetailsName","value":"SPAR Veggie - Bio-Tofu Mandel-Nuss - 200 G"},{"key":"detailsDescription","value":"200 G"},{"key":"articleNumber","value":"Artikelnummer: 2423210"},{"key":"Lagerhinweis:","value":["Gekühlt lagern! Nach dem Öffnen rasch genießen!"]},{"key":"Zutaten:","value":["Zutaten: Wasser, 16% SOJABOHNEN*, 4% MANDELN*, 4% HASELNÜSSE*, Gemüsebrühe* (Meersalz, Karotten*, SELLERIE*, Zwiebeln*, Bärlauch*, Lauch*, Petersilie*, Liebstöckel*, Bockshornkleesaat*, Maismehl*, Sonnenblumenöl*), Kräutermischung*, Paprikapulver*, Buchenholzrauch, Gerinnungsmittel: Calciumsulfat. * aus kontrolliert biologischer Landwirtschaft. In Großbuchstaben angegebene Zutaten enthalten allergene Inhaltsstoffe."]},{"key":"Allergene:","value":["Enthält:Schalenfrüchte und daraus gewonnene Erzeugnisse, Sellerie und daraus gewonnene Erzeugnisse, Sojabohnen und daraus gewonnene Erzeugnisse"]},{"key":"Bio-Kontrollstelle:","value":["AT-BIO-301"]},{"key":"Ökoherkunft:","value":["EU-/Nicht-EU-Landwirtschaft"]},{"key":"Ursprungsland/Herkunftsort:","value":["Sorgfältig hergestellt in Österreich"]},{"key":"Kontakt:","value":["SPAR Österr. Warenhandels-AG","Europastraße 3, 5015 Salzburg, Österreich"]}],"nutritions":[{"key":"","value":"Unzubereitet"},{"key":" ","value":"100 g"},{"key":"Energie","value":"738 kJ | 177 kcal"},{"key":"Fett","value":"11 g"},{"key":"Fett, davon gesättigte Fettsäuren","value":"1,7 g"},{"key":"Kohlenhydrate","value":"0,6 g"},{"key":"Kohlenhydrate, davon Zucker","value":"0,6 g"},{"key":"Ballaststoffe","value":"4 g"},{"key":"Eiweiß","value":"17 g"},{"key":"Salz","value":"0,5 g"},{"key":"Broteinheiten","value":"0,1 BE"}],"tags":["Bio","Vegan","Glutenfrei","Lactosefrei"]},
    {"url":"https://www.interspar.at/shop/lebensmittel/p/2423258","data":[{"key":"price","value":"2,99 €"},{"key":"oldPrice","value":"\n\t\t\t\t\t\n\t\t\t\t\t \n\t\t\t\t"},{"key":"pricePerUnit","value":"(19.93 €/kg)"},{"key":"productDetailsName","value":"Wilmersburger - Scheiben Classic - 150 G"},{"key":"detailsDescription","value":"150 G"},{"key":"articleNumber","value":"Artikelnummer: 2423258"},{"key":"Lagerhinweis:","value":["Nach dem Öffnen rasch verzehren. Ungeöffnet bei +2 bis +8°C haltbar."]},{"key":"Zutaten:","value":["Zutaten: Wasser, Kokosöl (ungehärtet) (20,5%), modifizierte Stärke, Stärke, Meersalz, Aromen, Konservierungsstoff: Kaliumsorbat, Farbstoff: Beta-Carotin."]},{"key":"","value":["Sojafrei"]},{"key":"","value":["Glutenfrei","Laktosefrei"]},{"key":"Kontakt:","value":["Clasoft GmbH","Kalker Hauptstraße 296, 51103 Köln, Deutschland"]}],"nutritions":[],"tags":["Glutenfrei","Lactosefrei"]},
    {"url":"https://www.interspar.at/shop/lebensmittel/p/2622996","data":[{"key":"price","value":"2,29 €"},{"key":"oldPrice","value":"\n\t\t\t\t\t\n\t\t\t\t\t \n\t\t\t\t"},{"key":"pricePerUnit","value":"(11.45 €/kg)"},{"key":"productDetailsName","value":"SPAR Veggie - Vegane Bio-Laibchen Gemüse - 200 G"},{"key":"detailsDescription","value":"200 G"},{"key":"articleNumber","value":"Artikelnummer: 2622996"},{"key":"Lagerhinweis:","value":["Vor und nach dem Öffnen gekühlt lagern. Nach dem Öffnen innerhalb von 2 Tagen verbrauchen."]},{"key":"Zutaten:","value":["Zutaten: Naturrundkornreis*, Gemüse* 34% (Karotten*, Zwiebel*, Mais*, Erbsen*, Paprika*), HASELNÜSSE*, Sonnenblumenöl*, Speisesalz, Kräuter*, Gewürze* (enthalten SELLERIE*), Zucker*, Knoblauch*. *aus biologischer Landwirtschaft. In Großbuchstaben angegebene Zutaten enthalten allergene Inhaltsstoffe."]},{"key":"Allergene:","value":["Enthält:Schalenfrüchte und daraus gewonnene Erzeugnisse, Sellerie und daraus gewonnene Erzeugnisse"]},{"key":"Zubereitung:","value":["Braten mit wenig FettMit etwas Öl auf beiden Seiten bei mittlerer Hitze 2 bis3 Min. anbraten. Wir empfehlen das Produkt vor dem Verzehr durchzugaren.","Zubereitung in der MikrowelleLaibchen aus der Verpackung nehmen. 2 Min. bei 800 Watt erwärmen. Wir empfehlen das Produkt vor dem Verzehr durchzugaren.","BackenIm vorgeheizten Backrohr bei 180°C 5 Min. erwärmen. Wir empfehlen das Produkt vor dem Verzehr durchzugaren."]},{"key":"Bio-Kontrollstelle:","value":["AT-BIO-301"]},{"key":"Ökoherkunft:","value":["EU-/Nicht-EU-Landwirtschaft"]},{"key":"Ursprungsland/Herkunftsort:","value":["Hergestellt in Österreich"]},{"key":"Kontakt:","value":["SPAR Österr. Warenhandels-AG","Europastraße 3, 5015 Salzburg, Österreich"]}],"nutritions":[{"key":"","value":"Unzubereitet"},{"key":" ","value":"100 g"},{"key":"Energie","value":"821 kJ | 196 kcal"},{"key":"Fett","value":"7,6 g"},{"key":"Fett, davon gesättigte Fettsäuren","value":"0,8 g"},{"key":"Kohlenhydrate","value":"27 g"},{"key":"Kohlenhydrate, davon Zucker","value":"2,3 g"},{"key":"Ballaststoffe","value":"2 g"},{"key":"Eiweiß","value":"3,8 g"},{"key":"Salz","value":"1,1 g"},{"key":"Broteinheiten","value":"2,3 BE"}],"tags":["Bio","Vegan"]},
    {"url":"https://www.interspar.at/shop/lebensmittel/p/2623085","data":[{"key":"price","value":"1,49 €"},{"key":"oldPrice","value":"\n\t\t\t\t\t\n\t\t\t\t\t \n\t\t\t\t"},{"key":"pricePerUnit","value":"(18.63 €/kg)"},{"key":"productDetailsName","value":"SPAR Veggie - Vegetarische Gurkerl Extra - 80 G"},{"key":"detailsDescription","value":"80 G"},{"key":"articleNumber","value":"Artikelnummer: 2623085"},{"key":"Lagerhinweis:","value":["Vor und nach dem Öffnen im Kühlschrank lagern und innerhalb von 2 Tagen verbrauchen."]},{"key":"Zutaten:","value":["Zutaten: Wasser, Palmfett, 10% Gewürzgurken (Gurken, Zucker, Säureessig, Salz unjodiert, natürliche Aromen), 5% MILCHEIWEISSPULVER, 3% Erbseneiweißpulver, Sonnenblumenöl, HÜHNEREIEIWEISSPULVER, Salz unjodiert, Gewürze, Gewürzextrakte, Verdickungsmittel: Carrageen, Johannisbrotkernmehl; Aroniabeerenextrakt, Paprikaextrakt, Speisewürze (aus hydrolisiertem MOLKENEIWEISS), Zucker, Maltodextrin, Dextrose, Säureregulatoren: Natriumacetat, Natriumlactat; Geschmacksverstärker: Mononatriumglutamat, Antioxidationsmittel: Ascorbinsäure, Farbstoff: Lycopin aus roten Tomaten. In Großbuchstaben angegebene Zutaten enthalten allergene Inhaltsstoffe."]},{"key":"Allergene:","value":["Kann Spuren enthalten von:Sellerie und daraus gewonnene Erzeugnisse, Senf und daraus gewonnene Erzeugnisse","Enthält:Eier und daraus gewonnene Erzeugnisse, Milch und daraus gewonnene Erzeugnisse (inkl. Laktose)"]},{"key":"","value":["Eiweiß-Quelle"]},{"key":"","value":["Glutenfrei"]},{"key":"Ursprungsland/Herkunftsort:","value":["hergestellt in Österreich"]},{"key":"Verbrauchen nach dem Öffnen:","value":["2 Tage"]},{"key":"Verwendungshinweis:","value":["Zum Kochen und Braten nicht geeignet."]},{"key":"Kontakt:","value":["SPAR Österr. Warenhandels-AG","Europastraße 3, 5015 Salzburg, Österreich"]}],"nutritions":[{"key":"","value":"Unzubereitet"},{"key":" ","value":"100 g"},{"key":"Energie","value":"764 kJ | 184 kcal"},{"key":"Fett","value":"15 g"},{"key":"Fett, davon gesättigte Fettsäuren","value":"7,1 g"},{"key":"Kohlenhydrate","value":"2,9 g"},{"key":"Kohlenhydrate, davon Zucker","value":"1,6 g"},{"key":"Ballaststoffe","value":"1 g"},{"key":"Eiweiß","value":"8,9 g"},{"key":"Salz","value":"3 g"},{"key":"Broteinheiten","value":"0,2 BE"},{"key":"","value":"Unzubereitet"},{"key":" ","value":"Portion (20 g)"},{"key":"Energie","value":"153 kJ | 37 kcal"},{"key":"Fett","value":"3 g"},{"key":"Fett, davon gesättigte Fettsäuren","value":"1,4 g"},{"key":"Kohlenhydrate","value":"0,6 g"},{"key":"Kohlenhydrate, davon Zucker","value":"0,3 g"},{"key":"Ballaststoffe","value":"0,2 g"},{"key":"Eiweiß","value":"1,8 g"},{"key":"Salz","value":"0,6 g"},{"key":"Broteinheiten","value":"0,1 BE"}],"tags":["Vegetarisch","Glutenfrei"]},
    {"url":"https://www.interspar.at/shop/lebensmittel/p/2623191","data":[{"key":"price","value":"1,49 €"},{"key":"oldPrice","value":"\n\t\t\t\t\t\n\t\t\t\t\t \n\t\t\t\t"},{"key":"pricePerUnit","value":"(18.63 €/kg)"},{"key":"productDetailsName","value":"SPAR Veggie - Vegetarische Feine Extra - 80 G"},{"key":"detailsDescription","value":"80 G"},{"key":"articleNumber","value":"Artikelnummer: 2623191"},{"key":"Lagerhinweis:","value":["Vor und nach dem Öffnen gekühlt lagern und innerhalb von 2 Tagen verbrauchen."]},{"key":"Zutaten:","value":["Zutaten: Wasser, Palmfett, 5% MILCHEIWEISSPULVER, 3% Erbseneiweißpulver, Sonnenblumenöl, HÜHNEREIEIWEISSPULVER, Salz unjodiert, Gewürze, Gewürzextrakte, Verdickungsmittel: Carrageen, Johannisbrotkernmehl; Aroniabeerenextrakt, Paprikaextrakt, Speisewürze (aus hydrolisiertem MOLKENEIWEISS), Zucker, Maltodextrin, Dextrose, Säureregulatoren: Natriumacetat, Natriumlactat; Geschmacksverstärker: Mononatriumglutamat, Antioxidationsmittel: Ascorbinsäure, Farbstoff: Lycopin aus roten Tomaten. In Großbuchstaben angegebene Zutaten enthalten allergene Inhaltsstoffe."]},{"key":"Allergene:","value":["Kann Spuren enthalten von:Sellerie und daraus gewonnene Erzeugnisse, Senf und daraus gewonnene Erzeugnisse","Enthält:Eier und daraus gewonnene Erzeugnisse, Milch und daraus gewonnene Erzeugnisse (inkl. Laktose)"]},{"key":"","value":["Eiweiß-Quelle"]},{"key":"","value":["Glutenfrei"]},{"key":"Ursprungsland/Herkunftsort:","value":["hergestellt in Österreich"]},{"key":"Verbrauchen nach dem Öffnen:","value":["2 Tage"]},{"key":"Verwendungshinweis:","value":["Zum Kochen und Braten nicht geeignet."]},{"key":"Kontakt:","value":["SPAR Österr. Warenhandels-AG","Europastraße 3, 5015 Salzburg, Österreich"]}],"nutritions":[{"key":"","value":"Unzubereitet"},{"key":" ","value":"100 g"},{"key":"Energie","value":"835 kJ | 201 kcal"},{"key":"Fett","value":"16 g"},{"key":"Fett, davon gesättigte Fettsäuren","value":"7,6 g"},{"key":"Kohlenhydrate","value":"4,3 g"},{"key":"Kohlenhydrate, davon Zucker","value":"1,7 g"},{"key":"Ballaststoffe","value":"1,1 g"},{"key":"Eiweiß","value":"9,5 g"},{"key":"Salz","value":"2,9 g"},{"key":"Broteinheiten","value":"0,4 BE"},{"key":"","value":"Unzubereitet"},{"key":" ","value":"Portion (20 g)"},{"key":"Energie","value":"167 kJ | 40 kcal"},{"key":"Fett","value":"3,2 g"},{"key":"Fett, davon gesättigte Fettsäuren","value":"1,5 g"},{"key":"Kohlenhydrate","value":"0,9 g"},{"key":"Kohlenhydrate, davon Zucker","value":"0,3 g"},{"key":"Ballaststoffe","value":"0,2 g"},{"key":"Eiweiß","value":"1,9 g"},{"key":"Salz","value":"0,58 g"},{"key":"Broteinheiten","value":"0,1 BE"}],"tags":["Glutenfrei"]},
    {"url":"https://www.interspar.at/shop/lebensmittel/p/2807560","data":[{"key":"price","value":"0,99 €"},{"key":"oldPrice","value":"\n\t\t\t\t\t\n\t\t\t\t\tstatt 1,69 €\n\t\t\t\t"},{"key":"pricePerUnit","value":"(9.52 €/kg)"},{"key":"productDetailsName","value":"Nestlé Nesquik - Snack Kakao 4 x 26g - 104 G"},{"key":"detailsDescription","value":"104 G"},{"key":"articleNumber","value":"Artikelnummer: 2807560"},{"key":"Lagerhinweis:","value":["Kühl bei maximal +8°C aufbewahren."]},{"key":"Zutaten:","value":["Zutaten: Zucker, VOLLMILCHJOGHURT 11,8%, WEIZENMEHL, VOLLMILCH 10,6%, Pflanzenöle (Palm, Sonnenblume), MAGERMILCHPULVER, VOLLEI, Glukose, fettarmer Kakao 3,9%, BUTTERREINFETT, Glukose-Fruktosesirup, Invertzuckersirup, Stärke, Margarine (Palmöl, Wasser), EIGELB, Emulgatoren (E471, E472b), Speisesalz, Backtriebmittel (E450, E500, E503 (mit WEIZEN)), Aromen, MILCHZUCKER. In Großbuchstaben angegebene Zutaten enthalten allergene Inhaltsstoffe."]},{"key":"Allergene:","value":["Enthält:Eier und daraus gewonnene Erzeugnisse, Glutenhaltiges Getreide und daraus hergestellte Erzeugnisse, Milch und daraus gewonnene Erzeugnisse (inkl. Laktose)"]},{"key":"Kontakt:","value":["Lactalis Nestlé Frischeprodukte Österreich GmbH","Grabenweg 58/ Top 1, 6020 Innsbruck, Österreich"]}],"nutritions":[{"key":"","value":"Unzubereitet"},{"key":" ","value":"100 g"},{"key":"Energie","value":"1790 kJ | 427 kcal"},{"key":"Fett","value":"18,9 g"},{"key":"Fett, davon gesättigte Fettsäuren","value":"10,5 g"},{"key":"Kohlenhydrate","value":"54,9 g"},{"key":"Kohlenhydrate, davon Zucker","value":"32,3 g"},{"key":"Ballaststoffe","value":"3,9 g"},{"key":"Eiweiß","value":"7,4 g"},{"key":"Salz","value":"0,53 g"}],"tags":[]},
    {"url":"https://www.interspar.at/shop/lebensmittel/p/2830506","data":[{"key":"price","value":"3,49 €"},{"key":"oldPrice","value":"\n\t\t\t\t\t\n\t\t\t\t\t \n\t\t\t\t"},{"key":"pricePerUnit","value":"(8.73 €/kg)"},{"key":"productDetailsName","value":"SPAR Feine Küche - Pikantes Hühnercurry mit Reis - 400 G"},{"key":"detailsDescription","value":"400 G"},{"key":"articleNumber","value":"Artikelnummer: 2830506"},{"key":"Lagerhinweis:","value":["Gekühlt lagern bei +2°C bis +5°C. Nach dem Öffnen zum unmittelbaren Verzehr bestimmt."]},{"key":"Zutaten:","value":["Zutaten: Currysauce 42%* (Wasser, Kokosnussmilchpulver (Kokosnussmilch, Maltodextrin, Natriumcaseinat (enthält MILCH)), Paprika, Zucker, WEIZENMEHL, Gewürzextrakte, Currypaste (rote Chilis, Zitronengras, Knoblauch, Schalotten, Speisesalz unjodiert, Kafir-Limettenschale, Galgant, Koriandersamen, Kreuzkümmel), Curry-Gewürz (enthält SENFSAAT)), Maisstärke, Speisesalz jodiert (Speisesalz, Kaliumjodid), natürliches Aroma, Rapsöl, Karamellzuckersirup), Reiszubereitung 40%* (Wasser, Reis, Gewürzextrakte), Hühnerbruststreifen 18%* (Hühnerfleisch, Rapsöl, Wasser, pflanzliche Fette (Shea, Kokos), modifizierte Stärke, Speisesalz jodiert (Speisesalz, Kaliumjodid)). *%-Angaben beziehen sich auf die Gesamteinwaage. In Großbuchstaben angegebene Zutaten enthalten allergene Inhaltsstoffe."]},{"key":"Allergene:","value":["Enthält:Glutenhaltiges Getreide und daraus hergestellte Erzeugnisse, Milch und daraus gewonnene Erzeugnisse (inkl. Laktose), Senf und daraus gewonnene Erzeugnisse"]},{"key":"","value":["einfach OHNE:ohne Konservierungsstoffeohne Farbstoffzusatz*ohne Geschmacksverstärker*lt. Verordnung"]},{"key":"Zubereitung:","value":["Zubereitung in der MikrowellePackungsfolie mit einer Gabel mehrfach einstechen. Die geschlossene Schale ca. 4-5 Minuten bei 600 Watt erhitzen. Kurz ruhen lassen, die Folie abziehen, anrichten und genießen.","Sieden in kochender FlüssigkeitIn einem Topf Wasser zum Kochen bringen und auf kleine Stufe zurückdrehen. Die geschlossene Schale im heißen Wasser ca. 20 Minuten ziehen lassen. Danach die Folie vorsichtig abziehen, anrichten und genießen."]},{"key":"Identitätskennzeichen:","value":["AT 30733 EG"]},{"key":"Ursprungsland/Herkunftsort:","value":["hergestellt in Österreich"]},{"key":"Kontakt:","value":["SPAR Österr. Warenhandels-AG","Europastraße 3, 5015 Salzburg, Österreich"]}],"nutritions":[{"key":"","value":"Unzubereitet"},{"key":" ","value":"100 g"},{"key":"Energie","value":"671 kJ | 160 kcal"},{"key":"Fett","value":"7,3 g"},{"key":"Fett, davon gesättigte Fettsäuren","value":"6,1 g"},{"key":"Kohlenhydrate","value":"17 g"},{"key":"Kohlenhydrate, davon Zucker","value":"2,4 g"},{"key":"Ballaststoffe","value":"0,6 g"},{"key":"Eiweiß","value":"6,3 g"},{"key":"Salz","value":"1,2 g"},{"key":"Broteinheiten","value":"1,4 BE"},{"key":"","value":"Unzubereitet"},{"key":" ","value":"Portion (400 g)"},{"key":"Energie","value":"2684 kJ | 640 kcal"},{"key":"Fett","value":"29 g"},{"key":"Fett, davon gesättigte Fettsäuren","value":"24 g"},{"key":"Kohlenhydrate","value":"68 g"},{"key":"Kohlenhydrate, davon Zucker","value":"9,6 g"},{"key":"Ballaststoffe","value":"2,4 g"},{"key":"Eiweiß","value":"25 g"},{"key":"Salz","value":"4,7 g"},{"key":"Broteinheiten","value":"5,6 BE"}],"tags":[]},
    {"url":"https://www.interspar.at/shop/lebensmittel/p/2834153","data":[{"key":"price","value":"1,99 €"},{"key":"oldPrice","value":"\n\t\t\t\t\t\n\t\t\t\t\tstatt 2,99 €\n\t\t\t\t"},{"key":"pricePerUnit","value":"(4.98 €/kg)"},{"key":"productDetailsName","value":"SPAR Feine Küche - Käse-Lauchnockerl - 400 G"},{"key":"detailsDescription","value":"400 G"},{"key":"articleNumber","value":"Artikelnummer: 2834153"},{"key":"Lagerhinweis:","value":["Gekühlt lagern bei +2°C bis +5°C."]},{"key":"Zutaten:","value":["Zutaten: Sauce 57%* (Wasser, Lauch 10%, VOLLMILCHPULVER, Speck 3% (Schweinefleisch, Wasser, Nitritpökelsalz (Speisesalz unjodiert, Konservierungsstoff: Natriumnitrit), Stabilisator: Polyphosphate, Zucker, Antioxidationsmittel: Natriumascorbat, Aroma, Gewürzextrakte), HART- und SCHNITTKÄSE 4%, Zwiebeln, SAUERRAHM 2%, SCHLAGOBERS 1%, Raps- und Sonnenblumenöl mit natürlichen Aromen, Speisesalz jodiert (Speisesalz, Kaliumjodid) und unjodiert, WEIZENMEHL, Knoblauch, Maisstärke, Gewürze, natürliches Aroma, Lorbeerblätter, Zucker, Karamellzuckersirup, Antioxidationsmittel: Ascorbinsäure, Säureregulator: Natriumacetat, Natriumascorbat, Säuerungsmittel: Citronensäure), Spätzle 43%* (WEIZENMEHL, Wasser, EI, HARTWEIZENGRIESS, Speisesalz jodiert (Speisesalz, Kaliumjodid), Rapsöl, Säuerungsmittel: Citronensäure, Gewürze). *%-Angaben beziehen sich auf die Gesamteinwaage. In Großbuchstaben angegebene Zutaten enthalten allergene Inhaltsstoffe."]},{"key":"Allergene:","value":["Enthält:Eier und daraus gewonnene Erzeugnisse, Glutenhaltiges Getreide und daraus hergestellte Erzeugnisse, Milch und daraus gewonnene Erzeugnisse (inkl. Laktose)"]},{"key":"","value":["ohne Geschmacksverstärker"]},{"key":"","value":["Ohne Farbstoffe"]},{"key":"Zubereitung:","value":["Grillen/Braten mit OberhitzeDie Käse-Lauchnockerl mit der Sauce in eine heiße Pfanne geben, 2 Esslöffel Wasser hinzufügen und bei mittlerer Hitze unter häufigem Umrühren ca. 2-3 Minuten erhitzen.","Zubereitung in der MikrowellePackungsfolie mit einer Gabel mehrfach einstechen. Die geschlossene Schale bei 600 Watt ca. 4-5 Minuten erhitzen. Kurz ruhen lassen, die Folie abziehen, anrichten und genießen."]},{"key":"Identitätskennzeichen:","value":["AT 30733 EG"]},{"key":"Zusatztext:","value":["- in SpeckrahmsauceFeinschmeckertipp: Die fertigen Käse-Lauchnockerl in Speckrahmsauce mit gerösteten Zwiebelringen bestreuen. SPAR Feine Küche Käse-Lauchnockerl in Speckrahmsauce werden mit größter Sorgfalt zubereitet und von Ernährungswissenschaftlern geprüft. Ausgewählte Zutaten, eine ausgefeilte Rezeptur sowie eine sorgfältige Zubereitung garantieren ausgezeichnete Qualität und unvergleichlichen Geschmack."]},{"key":"Ursprungsland/Herkunftsort:","value":["hergestellt in Österreich"]},{"key":"Kontakt:","value":["SPAR Österr. Warenhandels-AG","Europastraße 3, 5015 Salzburg, Österreich"]}],"nutritions":[{"key":" ","value":"100 g"},{"key":"","value":"Unzubereitet"},{"key":"Energie","value":"586 kJ | 140 kcal"},{"key":"Fett","value":"5,9 g"},{"key":"Fett, davon gesättigte Fettsäuren","value":"2,6 g"},{"key":"Kohlenhydrate","value":"15 g"},{"key":"Kohlenhydrate, davon Zucker","value":"3 g"},{"key":"Ballaststoffe","value":"0,7 g"},{"key":"Eiweiß","value":"6,3 g"},{"key":"Salz","value":"1,19 g"},{"key":"Broteinheiten","value":"1,3 BE"},{"key":" ","value":"Portion (400 g)"},{"key":"","value":"Unzubereitet"},{"key":"Energie","value":"2344 kJ | 559 kcal | 28 %"},{"key":"Fett","value":"24 g | 34 %"},{"key":"Fett, davon gesättigte Fettsäuren","value":"10 g | 50 %"},{"key":"Kohlenhydrate","value":"60 g"},{"key":"Kohlenhydrate, davon Zucker","value":"12 g | 13 %"},{"key":"Ballaststoffe","value":"2,8 g"},{"key":"Eiweiß","value":"25 g"},{"key":"Salz","value":"4,76 g | 80 %"},{"key":"Broteinheiten","value":"5 BE"}],"tags":[]},
    {"url":"https://www.interspar.at/shop/lebensmittel/p/2834375","data":[{"key":"price","value":"1,99 €"},{"key":"oldPrice","value":"\n\t\t\t\t\t\n\t\t\t\t\tstatt 2,99 €\n\t\t\t\t"},{"key":"pricePerUnit","value":"(4.98 €/kg)"},{"key":"productDetailsName","value":"SPAR Feine Küche - Chili con Carne - 400 G"},{"key":"detailsDescription","value":"400 G"},{"key":"articleNumber","value":"Artikelnummer: 2834375"},{"key":"Lagerhinweis:","value":["Gekühlt lagern bei +2°C bis +5°C."]},{"key":"Zutaten:","value":["Zutaten: Wasser, Rindfleisch 17%, Paprika, Zwiebeln, Tomatenmark, rote Bohnen, Tomaten, Zucker, Speisesalz jodiert (Speisesalz, Kaliumjodid), Speisesalz, Rapsöl, Weingeistessig, WEIZENMEHL, Knoblauch, Gewürze, Maisstärke, natürliches Aroma, Karamellzuckersirup, Antioxidationsmittel: Ascorbinsäure, Säureregulatoren: Natriumacetat, Natriumascorbat, Säuerungsmittel: Citronensäure. In Großbuchstaben angegebene Zutaten enthalten allergene Inhaltsstoffe."]},{"key":"Allergene:","value":["Enthält:Glutenhaltiges Getreide und daraus hergestellte Erzeugnisse"]},{"key":"","value":["ohne Geschmacksverstärker"]},{"key":"","value":["Ohne Konservierungsstoffe","Ohne Farbstoffe"]},{"key":"Zubereitung:","value":["Zubereitung in der MikrowellePackungsfolie mit einer Gabel mehrfach einstechen. Die geschlossene Schale ca. 4-5 Minuten erhitzen. Kurz ruhen lassen, die Folie abziehen, anrichten und genießen.","Unter Rühren kurz anbratenDas Chili con Carne in eine heiße Pfanne geben, 2 Esslöffel Wasser hinzufügen und bei mittlerer Hitze unter häufigem Umrühren ca. 2-3 Minuten erhitzen."]},{"key":"Identitätskennzeichen:","value":["AT 30733 EG"]},{"key":"Ursprungsland/Herkunftsort:","value":["hergestellt in Österreich"]},{"key":"Kontakt:","value":["SPAR Österr. Warenhandels-AG","Europastraße 3, 5015 Salzburg, Österreich"]}],"nutritions":[{"key":" ","value":"100 g"},{"key":"","value":"Unzubereitet"},{"key":"Energie","value":"373 kJ | 89 kcal"},{"key":"Fett","value":"2,6 g"},{"key":"Fett, davon gesättigte Fettsäuren","value":"0,7 g"},{"key":"Kohlenhydrate","value":"8,9 g"},{"key":"Kohlenhydrate, davon Zucker","value":"4,3 g"},{"key":"Ballaststoffe","value":"2,7 g"},{"key":"Eiweiß","value":"6,1 g"},{"key":"Salz","value":"1,51 g"},{"key":"Broteinheiten","value":"0,7 BE"},{"key":" ","value":"Portion (400 g)"},{"key":"","value":"Unzubereitet"},{"key":"Energie","value":"1491 kJ | 355 kcal | 18 %"},{"key":"Fett","value":"10 g | 14 %"},{"key":"Fett, davon gesättigte Fettsäuren","value":"2,8 g | 14 %"},{"key":"Kohlenhydrate","value":"36 g"},{"key":"Kohlenhydrate, davon Zucker","value":"17 g | 19 %"},{"key":"Ballaststoffe","value":"11 g"},{"key":"Eiweiß","value":"24 g"},{"key":"Salz","value":"6,04 g | 101 %"},{"key":"Broteinheiten","value":"3 BE"}],"tags":[]},
    {"url":"https://www.interspar.at/shop/lebensmittel/p/2945828","data":[{"key":"price","value":"2,49 €"},{"key":"oldPrice","value":"\n\t\t\t\t\t\n\t\t\t\t\t \n\t\t\t\t"},{"key":"pricePerUnit","value":"(16.60 €/kg)"},{"key":"productDetailsName","value":"SPAR Veggie - Vegane Guacamole - 150 G"},{"key":"detailsDescription","value":"150 G"},{"key":"articleNumber","value":"Artikelnummer: 2945828"},{"key":"Lagerhinweis:","value":["Nach dem Öffnen gekühlt bei 2-7°C lagern und innerhalb von 24 Stunden genießen."]},{"key":"Zutaten:","value":["Zutaten: Avocado 95%, Salz, Zwiebel getrocknet, Jalapeno-Paprika, Zucker, Säuerungsmittel: Citronensäure, Koriander, Knoblauch getrocknet, Konservierungsstoff: Kaliumsorbat, Antioxidationsmittel: Natrium-L-Ascorbat, Natriumcitrate, Ascorbinsäure."]},{"key":"Zusatztext:","value":["Avocado-Dip"]},{"key":"Ursprungsland/Herkunftsort:","value":["Sorgfältig hergestellt in Spanien"]},{"key":"Verbrauchen nach dem Öffnen:","value":["1 Tage"]},{"key":"Kontakt:","value":["SPAR Österr. Warenhandels-AG","Europastraße 3, 5015 Salzburg, Österreich"]}],"nutritions":[{"key":"","value":"Unzubereitet"},{"key":" ","value":"100 g"},{"key":"Energie","value":"770 kJ | 187 kcal"},{"key":"Fett","value":"17,9 g"},{"key":"Fett, davon gesättigte Fettsäuren","value":"3,2 g"},{"key":"Kohlenhydrate","value":"1,5 g"},{"key":"Kohlenhydrate, davon Zucker","value":"1,4 g"},{"key":"Ballaststoffe","value":"7,1 g"},{"key":"Eiweiß","value":"1,6 g"},{"key":"Salz","value":"1,45 g"},{"key":"Broteinheiten","value":"0,13 BE"},{"key":"","value":"Unzubereitet"},{"key":" ","value":"Portion (25 g)"},{"key":"Energie","value":"193 kJ | 47 kcal"},{"key":"Fett","value":"4,5 g"},{"key":"Fett, davon gesättigte Fettsäuren","value":"0,8 g"},{"key":"Kohlenhydrate","value":"0,4 g"},{"key":"Kohlenhydrate, davon Zucker","value":"0,4 g"},{"key":"Ballaststoffe","value":"1,8 g"},{"key":"Eiweiß","value":"0,4 g"},{"key":"Salz","value":"0,36 g"},{"key":"Broteinheiten","value":"0,03 BE"}],"tags":["Vegan","Glutenfrei","Lactosefrei"]},
    {"url":"https://www.interspar.at/shop/lebensmittel/p/2947952","data":[{"key":"price","value":"2,99 €"},{"key":"oldPrice","value":"\n\t\t\t\t\t\n\t\t\t\t\t \n\t\t\t\t"},{"key":"pricePerUnit","value":"(13.59 €/kg)"},{"key":"productDetailsName","value":"SPAR Veggie - Vegetarisches Extrawurst Kranzl - 220 G"},{"key":"detailsDescription","value":"220 G"},{"key":"articleNumber","value":"Artikelnummer: 2947952"},{"key":"Lagerhinweis:","value":["Vor und nach dem Öffnen gekühlt lagern und innerhalb von 2 Tagen genießen."]},{"key":"Zutaten:","value":["Zutaten: Wasser, Palmfett, 5% MILCHEIWEISSPULVER, 3% Erbseneiweißpulver, Sonnenblumenöl, HÜHNEREIEIWEISSPULVER, Salz unjodiert, Gewürze, Gewürzeextrakte, Verdickungsmittel: Carrageen, Johannisbrotkernmehl; Speisewürze (aus hydrolisiertem MOLKENEIWEISS), Zucker, Maltodextrin, Säureregulatoren: Natriumacetat, Natriumlactat; Geschmacksverstärker: Mononatriumglutamat, Antioxidationsmittel: Ascorbinsäure, Farbstoff: Lycopin aus roten Tomaten. Wursthülle nicht zum Verzehr geeignet. In Großbuchstaben angegebene Zutaten enthalten allergene Inhaltsstoffe."]},{"key":"Allergene:","value":["Kann Spuren enthalten von:Sellerie und daraus gewonnene Erzeugnisse, Senf und daraus gewonnene Erzeugnisse","Enthält:Eier und daraus gewonnene Erzeugnisse, Milch und daraus gewonnene Erzeugnisse (inkl. Laktose)"]},{"key":"","value":["Eiweiß-Quelle"]},{"key":"","value":["Glutenfrei"]},{"key":"Ursprungsland/Herkunftsort:","value":["hergestellt in Österreich"]},{"key":"Verbrauchen nach dem Öffnen:","value":["2 Tage"]},{"key":"Verwendungshinweis:","value":["Zum Kochen und Braten nicht geeignet."]},{"key":"Kontakt:","value":["SPAR Österr. Warenhandels-AG","Europastraße 3, 5015 Salzburg, Österreich"]}],"nutritions":[{"key":"","value":"Unzubereitet"},{"key":" ","value":"100 g"},{"key":"Energie","value":"820 kJ | 198 kcal"},{"key":"Fett","value":"16 g"},{"key":"Fett, davon gesättigte Fettsäuren","value":"7,5 g"},{"key":"Kohlenhydrate","value":"3,5 g"},{"key":"Kohlenhydrate, davon Zucker","value":"1,8 g"},{"key":"Ballaststoffe","value":"1,1 g"},{"key":"Eiweiß","value":"9,4 g"},{"key":"Salz","value":"2,9 g"},{"key":"Broteinheiten","value":"0,3 BE"},{"key":"","value":"Unzubereitet"},{"key":" ","value":"Portion (110 g)"},{"key":"Energie","value":"902 kJ | 218 kcal"},{"key":"Fett","value":"18 g"},{"key":"Fett, davon gesättigte Fettsäuren","value":"8,3 g"},{"key":"Kohlenhydrate","value":"3,9 g"},{"key":"Kohlenhydrate, davon Zucker","value":"2 g"},{"key":"Ballaststoffe","value":"1,2 g"},{"key":"Eiweiß","value":"10 g"},{"key":"Salz","value":"3,2 g"},{"key":"Broteinheiten","value":"0,3 BE"}],"tags":["Vegetarisch","Glutenfrei"]},
    {"url":"https://www.interspar.at/shop/lebensmittel/p/3502181","data":[{"key":"price","value":"1,79 €"},{"key":"oldPrice","value":"\n\t\t\t\t\t\n\t\t\t\t\t \n\t\t\t\t"},{"key":"pricePerUnit","value":"(17.05 €/kg)"},{"key":"productDetailsName","value":"Ferrero Kinder Choco Fresh - 5 x 21g - 105 G"},{"key":"detailsDescription","value":"105 G"},{"key":"articleNumber","value":"Artikelnummer: 3502181"},{"key":"Lagerhinweis:","value":["Im Kühlschrank aufbewahren."]},{"key":"Zutaten:","value":["Zutaten: Vollmilchschokolade 42% (Zucker, VOLLMILCHPULVER, Kakaobutter, Kakaomasse, Emulgator Lecithine (SOJA), Vanillin), Zucker, HASELNÜSSE (14%), Palmöl, Zucker, frische VOLLMILCH (8%), MAGERMILCHPULVER, Kakaobutter, BUTTERREINFETT, Emulagtor Mono- und Diglyceride von Speisefettsäuren, Vanillin. In Großbuchstaben angegebene Zutaten enthalten allergene Inhaltsstoffe."]},{"key":"Allergene:","value":["Enthält:Milch und daraus gewonnene Erzeugnisse (inkl. Laktose), Schalenfrüchte und daraus gewonnene Erzeugnisse, Sojabohnen und daraus gewonnene Erzeugnisse"]},{"key":"","value":["Ohne Zusatz von Farbstoffen, Alkohol und Konservierungsstoffen."]},{"key":"Kontakt:","value":["Ferrero Österreich","Sterzinger Straße 1, 6020 Innsbruck, Österreich"]}],"nutritions":[{"key":"","value":"Unzubereitet"},{"key":" ","value":"100 g"},{"key":"Energie","value":"2421 kJ | 583 kcal"},{"key":"Fett","value":"43,7 g"},{"key":"Fett, davon gesättigte Fettsäuren","value":"21,7 g"},{"key":"Kohlenhydrate","value":"39,3 g"},{"key":"Kohlenhydrate, davon Zucker","value":"39,3 g"},{"key":"Eiweiß","value":"7,3 g"},{"key":"Salz","value":"0,178 g"},{"key":"","value":"Unzubereitet"},{"key":" ","value":"Portion (21 g)"},{"key":"Energie","value":"509 kJ | 122 kcal | 6 %"},{"key":"Fett","value":"9,2 g | 13 %"},{"key":"Fett, davon gesättigte Fettsäuren","value":"4,6 g | 23 %"},{"key":"Kohlenhydrate","value":"8,3 g | 3 %"},{"key":"Kohlenhydrate, davon Zucker","value":"8,3 g | 9 %"},{"key":"Eiweiß","value":"1,5 g | 3 %"},{"key":"Salz","value":"0,037 g | 1 %"}],"tags":[]},
    {"url":"https://www.interspar.at/shop/lebensmittel/p/3728826","data":[{"key":"price","value":"1,25 €"},{"key":"oldPrice","value":"\n\t\t\t\t\t\n\t\t\t\t\t \n\t\t\t\t"},{"key":"pricePerUnit","value":"(11.90 €/kg)"},{"key":"productDetailsName","value":"Ferrero Kinder Maxi King - 3 x 35g - 105 G"},{"key":"detailsDescription","value":"105 G"},{"key":"articleNumber","value":"Artikelnummer: 3728826"},{"key":"Lagerhinweis:","value":["Im Kühlschrank aufbewahren."]},{"key":"Zutaten:","value":["Zutaten: Milchschokolade 28,5 % (Kakaobutter, Zucker, VOLLMILCHPULVER, Kakaomasse, Emulgator Lecithine (SOJA), Vanillin), frische VOLLMILCH (14,5 %), Zucker, Milchkaramell 11 % (gezuckerte KONDENSMILCH, Zucker, HASELNÜSSE, Palmöl, Aroma), HASELNÜSSE (10,5 %), Palmöl, MAGERMILCHPULVER, Mehle: WEIZEN, Reis; BUTTERREINFETT, Tapiokastärke, Emulgatoren: Mono- und Diglyceride von Speisefettsäuren, Lecithine (SOJA); Vanillin, Salz, Backtriebmittel Natriumhydrogencarbonat, Verdickungsmittel Tarakernmehl. In Großbuchstaben angegebene Zutaten enthalten allergene Inhaltsstoffe."]},{"key":"Allergene:","value":["Enthält:Glutenhaltiges Getreide und daraus hergestellte Erzeugnisse, Milch und daraus gewonnene Erzeugnisse (inkl. Laktose), Schalenfrüchte und daraus gewonnene Erzeugnisse, Sojabohnen und daraus gewonnene Erzeugnisse"]},{"key":"","value":["Ohne Zusatz von Farbstoffen, Alkohol und Konservierungsstoffen"]},{"key":"Kontakt:","value":["Ferrero Österreich","Sterzinger Straße 1, 6020 Innsbruck, Österreich"]}],"nutritions":[{"key":"","value":"Unzubereitet"},{"key":" ","value":"100 g"},{"key":"Energie","value":"2165 kJ | 521 kcal"},{"key":"Fett","value":"37,5 g"},{"key":"Fett, davon gesättigte Fettsäuren","value":"19 g"},{"key":"Kohlenhydrate","value":"38,2 g"},{"key":"Kohlenhydrate, davon Zucker","value":"35,6 g"},{"key":"Eiweiß","value":"6,7 g"},{"key":"Salz","value":"0,191 g"},{"key":"","value":"Unzubereitet"},{"key":" ","value":"Portion (35 g)"},{"key":"Energie","value":"756 kJ | 182 kcal | 7 %"},{"key":"Fett","value":"13,1 g | 19 %"},{"key":"Fett, davon gesättigte Fettsäuren","value":"6,7 g | 34 %"},{"key":"Kohlenhydrate","value":"13,4 g | 5 %"},{"key":"Kohlenhydrate, davon Zucker","value":"12,5 g | 14 %"},{"key":"Eiweiß","value":"2,3 g | 5 %"},{"key":"Salz","value":"0,067 g | 1 %"}],"tags":["immer Billig"]},
    {"url":"https://www.interspar.at/shop/lebensmittel/p/3784037","data":[{"key":"price","value":"2,99 €"},{"key":"oldPrice","value":"\n\t\t\t\t\t\n\t\t\t\t\t \n\t\t\t\t"},{"key":"pricePerUnit","value":"(9.97 €/kg)"},{"key":"productDetailsName","value":"SPAR Veggie - Veganer Hummus Natur XXL - 300 G"},{"key":"detailsDescription","value":"300 G"},{"key":"articleNumber","value":"Artikelnummer: 3784037"},{"key":"Lagerhinweis:","value":["Nach dem Öffnen noch drei Tage im Kühlschrank haltbar. Gekühlt bei 2-6°C mindestens haltbar bis: siehe Aufdruck Verpackung"]},{"key":"Zutaten:","value":["Zutaten: Kichererbsen 53%, Trinkwasser, SESAMSAAT, Rapsöl, Olivenöl, Speisesalz, Zitronensaftpulver, Säuerungsmittel: Citronensäure, Milchsäure; Konservierungsstoff: Kaliumsorbat, Maltodextrin, natürliches Zitronenaroma, Knoblauch, Gewürze. In Großbuchstaben angegebene Zutaten enthalten allergene Inhaltsstoffe."]},{"key":"Allergene:","value":["Enthält:Sesamsamen und daraus gewonnene Erzeugnisse"]},{"key":"Zusatztext:","value":["XXL-PackungEine abwechslungsreiche, ausgewogene Ernährung, Bewegung und ein gesunder Lebensstil sind wichtig für die Gesundheit."]},{"key":"Ursprungsland/Herkunftsort:","value":["hergestellt in Österreich"]},{"key":"Verbrauchen nach dem Öffnen:","value":["3 Tage"]},{"key":"Kontakt:","value":["SPAR Österr. Warenhandels-AG","Europastraße 3, 5015 Salzburg, Österreich"]}],"nutritions":[{"key":"","value":"Unzubereitet"},{"key":" ","value":"100 g"},{"key":"Energie","value":"1216 kJ | 293 kcal"},{"key":"Fett","value":"23 g"},{"key":"Fett, davon gesättigte Fettsäuren","value":"2,8 g"},{"key":"Kohlenhydrate","value":"11 g"},{"key":"Kohlenhydrate, davon Zucker","value":"0,9 g"},{"key":"Ballaststoffe","value":"4 g"},{"key":"Eiweiß","value":"8,6 g"},{"key":"Salz","value":"1,3 g"},{"key":"Broteinheiten","value":"0,9 BE"},{"key":"","value":"Unzubereitet"},{"key":" ","value":"Portion (25 g)"},{"key":"Energie","value":"304 kJ | 73 kcal"},{"key":"Fett","value":"5,8 g"},{"key":"Fett, davon gesättigte Fettsäuren","value":"0,7 g"},{"key":"Kohlenhydrate","value":"2,8 g"},{"key":"Kohlenhydrate, davon Zucker","value":"0,2 g"},{"key":"Ballaststoffe","value":"1 g"},{"key":"Eiweiß","value":"2,2 g"},{"key":"Salz","value":"0,3 g"},{"key":"Broteinheiten","value":"0,2 BE"}],"tags":["Vegan"]},
    {"url":"https://www.interspar.at/shop/lebensmittel/p/4465102","data":[{"key":"price","value":"1,25 €"},{"key":"oldPrice","value":"\n\t\t\t\t\t\n\t\t\t\t\t \n\t\t\t\t"},{"key":"pricePerUnit","value":"(10.42 €/kg)"},{"key":"productDetailsName","value":"Ferrero Kinder Pingui - 4 x 30g - 120 G"},{"key":"detailsDescription","value":"120 G"},{"key":"articleNumber","value":"Artikelnummer: 4465102"},{"key":"Lagerhinweis:","value":["Im Kühlschrank aufbewahren."]},{"key":"Zutaten:","value":["Zutaten: Frische VOLLMILCH (24 %), Halbbitterschokolade 21 % (Zucker, Kakaomasse, Kakaobutter, Emulgator Lecithine (SOJA), Vanillin), Zucker, Palmöl, MAGERMILCHPULVER, WEIZENMEHL, Kakaobutter, BUTTERREINFETT, Traubenzucker, VOLLMILCHSCHOKOLADE (Zucker, VOLLMILCHPULVER, Kakaobutter, Kakaomasse, Emulgator Lecithine (SOJA), Vanillin), fettarmer Kakao, VOLLEIPULVER, Backhefe, natürliches Aroma, Emulgator Mono- und Diglyceride von Speisefettsäuren, Salz, GERSTENMALZEXTRAKTPULVER, Vanillin. In Großbuchstaben angegebene Zutaten enthalten allergene Inhaltsstoffe."]},{"key":"Allergene:","value":["Enthält:Eier und daraus gewonnene Erzeugnisse, Glutenhaltiges Getreide und daraus hergestellte Erzeugnisse, Milch und daraus gewonnene Erzeugnisse (inkl. Laktose), Sojabohnen und daraus gewonnene Erzeugnisse"]},{"key":"","value":["Ohne Zusatz von Farbstoffen, Alkohol und Konservierungsstoffen"]},{"key":"Kontakt:","value":["Ferrero Österreich","Sterzinger Straße 1, 6020 Innsbruck, Österreich"]}],"nutritions":[{"key":"","value":"Unzubereitet"},{"key":" ","value":"100 g"},{"key":"Energie","value":"1873 kJ | 450 kcal"},{"key":"Fett","value":"29,7 g"},{"key":"Fett, davon gesättigte Fettsäuren","value":"20 g"},{"key":"Kohlenhydrate","value":"37,8 g"},{"key":"Kohlenhydrate, davon Zucker","value":"33,1 g"},{"key":"Eiweiß","value":"7 g"},{"key":"Salz","value":"0,254 g"},{"key":"","value":"Unzubereitet"},{"key":" ","value":"Portion (30 g)"},{"key":"Energie","value":"561 kJ | 135 kcal | 7 %"},{"key":"Fett","value":"8,9 g | 13 %"},{"key":"Fett, davon gesättigte Fettsäuren","value":"6 g | 30 %"},{"key":"Kohlenhydrate","value":"11,3 g | 4 %"},{"key":"Kohlenhydrate, davon Zucker","value":"9,9 g | 11 %"},{"key":"Eiweiß","value":"2,1 g | 4 %"},{"key":"Salz","value":"0,076 g | 1 %"}],"tags":["immer Billig"]},
    {"url":"https://www.interspar.at/shop/lebensmittel/p/4516194","data":[{"key":"price","value":"4,19 €"},{"key":"oldPrice","value":"\n\t\t\t\t\t\n\t\t\t\t\t \n\t\t\t\t"},{"key":"pricePerUnit","value":"(13.09 €/kg)"},{"key":"productDetailsName","value":"Rougette - Ofenkäse mild - 320 G"},{"key":"detailsDescription","value":"320 G"},{"key":"articleNumber","value":"Artikelnummer: 4516194"},{"key":"Lagerhinweis:","value":["gekühlt lagern bei +2°C bis +8°C"]},{"key":"Zutaten:","value":["Zutaten: past. KUHMILCH, Kochsalz mikrobielles Lab, Milchsäuerungskulturen, Reifungskulturen. In Großbuchstaben angegebene Zutaten enthalten allergene Inhaltsstoffe."]},{"key":"Allergene:","value":["Enthält:Milch und daraus gewonnene Erzeugnisse (inkl. Laktose)"]},{"key":"Identitätskennzeichen:","value":["DE BY 77711 EG"]},{"key":"Kontakt:","value":["Käserei Champignon","Kemptener Straße 17-24, 87493 Lauben/Allgäu, Deutschland"]}],"nutritions":[{"key":"","value":"Unzubereitet"},{"key":" ","value":"100 g"},{"key":"Energie","value":"1448 kJ | 350 kcal"},{"key":"Fett","value":"32 g"},{"key":"Fett, davon gesättigte Fettsäuren","value":"21 g"},{"key":"Kohlenhydrate","value":"0,5 g"},{"key":"Kohlenhydrate, davon Zucker","value":"0,5 g"},{"key":"Ballaststoffe","value":"0 g"},{"key":"Eiweiß","value":"15 g"},{"key":"Salz","value":"1,7 g"}],"tags":["Gekühlt","Glutenfrei","Lactosefrei"]},
    {"url":"https://www.interspar.at/shop/lebensmittel/p/4589969","data":[{"key":"price","value":"4,99 €"},{"key":"oldPrice","value":"\n\t\t\t\t\t\n\t\t\t\t\t \n\t\t\t\t"},{"key":"pricePerUnit","value":"(12.48 €/kg)"},{"key":"productDetailsName","value":"Emmi - Fondü - 400 G"},{"key":"detailsDescription","value":"400 G"},{"key":"articleNumber","value":"Artikelnummer: 4589969"},{"key":"Lagerhinweis:","value":["Kühl und trocken aufbewahren."]},{"key":"Zutaten:","value":["Zutaten: KÄSE 52%, Weisswein, Wasser, Kartoffelstärke, Kirschbrand, Kochsalz, Schmelzsalz (Natriumphosphate), Gewürze, Stabilisator (Johannisbrotkernmehl). In Großbuchstaben angegebene Zutaten enthalten allergene Inhaltsstoffe."]},{"key":"Allergene:","value":["Enthält:Milch und daraus gewonnene Erzeugnisse (inkl. Laktose)"]},{"key":"Zubereitung:","value":["Sieden in kochender Flüssigkeit1. Zutaten vorbereiten. 2. Beutel aufschneiden. 3. Inhalt in das Caquelon geben. 4. Unter ständigem Rühren aufkochen. 5. Zum Servieren das Caquelon auf das Rechaud stellen."]},{"key":"Identitätskennzeichen:","value":["CH 2402"]},{"key":"Ursprungsland/Herkunftsort:","value":["Schweiz"]},{"key":"Kontakt:","value":["Emmi Benelux BV","Zuiderhavenweg 4, 4004 JJ Tiel, Niederlande"]}],"nutritions":[{"key":"","value":"Unzubereitet"},{"key":" ","value":"100 g"},{"key":"Energie","value":"1010 kJ | 244 kcal"},{"key":"Fett","value":"16 g"},{"key":"Fett, davon gesättigte Fettsäuren","value":"9 g"},{"key":"Kohlenhydrate","value":"3,5 g"},{"key":"Kohlenhydrate, davon Zucker","value":"0,7 g"},{"key":"Eiweiß","value":"15 g"},{"key":"Salz","value":"1,3 g"}],"tags":[]},
    {"url":"https://www.interspar.at/shop/lebensmittel/p/4733126","data":[{"key":"price","value":"2,19 €"},{"key":"oldPrice","value":"\n\t\t\t\t\t\n\t\t\t\t\t \n\t\t\t\t"},{"key":"pricePerUnit","value":"(10.43 €/kg)"},{"key":"productDetailsName","value":"SPAR Veggie - Orientalisches Trio Baba Ganoush/Hummus &Rote Rübe - 210 G"},{"key":"detailsDescription","value":"210 G"},{"key":"articleNumber","value":"Artikelnummer: 4733126"},{"key":"Lagerhinweis:","value":["Vor und nach dem Öffnen gekühlt bei 2-7°C lagern und nach dem Öffnen rasch verbrauchen."]},{"key":"Zutaten:","value":["Brotaufstrich aus Auberginenpüree Zutaten: Gegrillte Auberginen 32%, Rapsöl, Maismehl, Wasser, EIER, Zucker, Verdickungsmittel: Xanthan, Salz, Knoblauch, Harissa (gemahlener Chilli, Knoblauch, Koriander, Gewürze), Konservierungsstoff: Kaliumsorbat, Säuerungsmittel: Citronensäure. Rein pflanzlicher Brotaufstrich aus KichererbsenZutaten: Kichererbsen 37%, Rapsöl, Wasser, Sesampaste (SESAM, Salz), Salz, Knoblauch, Säuerungsmittel: Citronensäure, Pfeffer, Konservierungsstoffe: Sorbinsäure, Benzoesäure.Rein pflanzlicher Brotaufstrich aus Kichererbsen mit roten RübenZutaten: Kichererbsen  28%, rote Rübe 20%, Rapsöl, Wasser, Sesampasta (SESAM, Salz), Salz, Säuerungsmittel: Citronensäure, Knoblauch, Pfeffer, Konservierungsstoff: Sorbinsäure, Benzoesäure.In Großbuchstaben angegebene Zutaten enthalten allergene Inhaltsstoffe."]},{"key":"Allergene:","value":["Kann Spuren enthalten von:Erdnüsse und daraus gewonnene Erzeugnisse, Schalenfrüchte und daraus gewonnene Erzeugnisse","Enthält:Eier und daraus gewonnene Erzeugnisse, Sesamsamen und daraus gewonnene Erzeugnisse"]},{"key":"Zusatztext:","value":["Ovo-VegetarischEine abwechslungsreiche, ausgewogene Ernährung, Bewegung und ein gesunder Lebensstil sind wichtig für die Gesundheit."]},{"key":"Kontakt:","value":["SPAR Österr. Warenhandels-AG","Europastraße 3, 5015 Salzburg, Österreich"]}],"nutritions":[{"key":"","value":"Unzubereitet"},{"key":" ","value":"100 g"},{"key":"Energie","value":"1120 kJ | 276 kcal"},{"key":"Fett","value":"26 g"},{"key":"Fett, davon gesättigte Fettsäuren","value":"2,1 g"},{"key":"Kohlenhydrate","value":"6,5 g"},{"key":"Kohlenhydrate, davon Zucker","value":"2 g"},{"key":"Ballaststoffe","value":"0,9 g"},{"key":"Eiweiß","value":"1,5 g"},{"key":"Salz","value":"0,8 g"},{"key":"Broteinheiten","value":"0,5 BE"},{"key":"","value":"Unzubereitet"},{"key":" ","value":"100 g"},{"key":"Energie","value":"1366 kJ | 331 kcal"},{"key":"Fett","value":"30 g"},{"key":"Fett, davon gesättigte Fettsäuren","value":"3,8 g"},{"key":"Kohlenhydrate","value":"6,1 g"},{"key":"Kohlenhydrate, davon Zucker","value":"0 g"},{"key":"Ballaststoffe","value":"4,1 g"},{"key":"Eiweiß","value":"6,4 g"},{"key":"Salz","value":"1,3 g"},{"key":"Broteinheiten","value":"0,5 BE"},{"key":"","value":"Unzubereitet"},{"key":" ","value":"100 g"},{"key":"Energie","value":"1139 kJ | 276 kcal"},{"key":"Fett","value":"24 g"},{"key":"Fett, davon gesättigte Fettsäuren","value":"3,1 g"},{"key":"Kohlenhydrate","value":"7,1 g"},{"key":"Kohlenhydrate, davon Zucker","value":"2 g"},{"key":"Ballaststoffe","value":"3,6 g"},{"key":"Eiweiß","value":"5,3 g"},{"key":"Salz","value":"1,4 g"},{"key":"Broteinheiten","value":"0,6 BE"}],"tags":["Vegetarisch"]},
    {"url":"https://www.interspar.at/shop/lebensmittel/p/5181841","data":[{"key":"price","value":"4,19 €"},{"key":"oldPrice","value":"\n\t\t\t\t\t\n\t\t\t\t\t \n\t\t\t\t"},{"key":"pricePerUnit","value":"(13.09 €/kg)"},{"key":"productDetailsName","value":"Rougette - Ofenkäse Fein-würzig - 320 G"},{"key":"detailsDescription","value":"320 G"},{"key":"articleNumber","value":"Artikelnummer: 5181841"},{"key":"Lagerhinweis:","value":["Bei +2°C bis +8°C lagern."]},{"key":"Zutaten:","value":["Zutaten: past. MILCH, RAHM, Salz, mikrobielles Lab, Farbstoff: Paprikaextrakt; Milchsäuerungskulturen, Reifungskulturen. In Großbuchstaben angegebene Zutaten enthalten allergene Inhaltsstoffe."]},{"key":"Allergene:","value":["Enthält:Milch und daraus gewonnene Erzeugnisse (inkl. Laktose)"]},{"key":"","value":["Laktosefrei"]},{"key":"Identitätskennzeichen:","value":["DE BY 77711 EG"]},{"key":"Zusatztext:","value":["Für 2-3 PortionenRougette Ofenkäse - zu jedem Anlass, einfach und schnell zubereitet- Für ein gemütliches Essen zu zweit- Als heißer Tipp für die nächste Party- Im Kreis der Familie oder wenn überraschend Besuch kommtSchon probiert?Rougette Ofenkäse gibt es außerdem in den leckeren Sorten Cremig-mild, Gatrenkräuter, bunter Pfeffer-Mix, Chili und als Sorte der Sainson.Genießertipps:Rougette Ofenkäse ist aufgrund seines besonderen Reifeverlaufs umso cremiger, je näher das Mindesthaltbarkeitsdatum (MHD) erreicht ist."]},{"key":"Verwendungshinweis:","value":["Aus dem Ofen auf den Tisch:1. Ofen vorheizen (Umluft: 180°C, Ober-/ Unterhitze 200°C), Käse auspacken, ohne Folie in der Holzschatel 10 Min. (mittlere Schiene) backen.2. Aus dem Ofen nehmen, die Oberfläche kreuzförmig einschneiden. An den vier Ecken aufklappen.3. Weitere 8-12 Min. (Umluft: 180°C, Ober-/Unterhitze: 200°C) - je nach gewünschter Bräunung- fertig backen. Eine evtl. Bräunung der Holzschachtel im Ofen ist unbedenklich. Nicht für die Mikrowelle geeigent."]},{"key":"Kontakt:","value":["Käserei Champignon","Kemptener Straße 17-24, 87493 Lauben/Allgäu, Deutschland"]}],"nutritions":[{"key":"","value":"Unzubereitet"},{"key":" ","value":"100 g"},{"key":"Energie","value":"1448 kJ | 350 kcal"},{"key":"Fett","value":"32 g"},{"key":"Fett, davon gesättigte Fettsäuren","value":"21 g"},{"key":"Kohlenhydrate","value":"< 0,5 g"},{"key":"Kohlenhydrate, davon Zucker","value":"< 0,5 g"},{"key":"Eiweiß","value":"15 g"},{"key":"Salz","value":"1,7 g"}],"tags":["Gekühlt","Glutenfrei","Lactosefrei"]},
    {"url":"https://www.interspar.at/shop/lebensmittel/p/5414932","data":[{"key":"price","value":"2,49 €"},{"key":"oldPrice","value":"\n\t\t\t\t\t\n\t\t\t\t\t \n\t\t\t\t"},{"key":"pricePerUnit","value":"(10.73 €/kg)"},{"key":"productDetailsName","value":"Zott Monte - Snack Schoko 8 x 29g - 232 G"},{"key":"detailsDescription","value":"232 G"},{"key":"articleNumber","value":"Artikelnummer: 5414932"},{"key":"Lagerhinweis:","value":["Bei max. +8°C lagern."]},{"key":"Zutaten:","value":["Zutaten: Pflanzliche Fette (Palm, Kokos), VOLLMILCH (22%), Zucker, WEIZENMEHL, Glukose-Fruktose-Sirup, VOLLMILCHPULVER (3,4%), MILCHEIWEISS, fettarmes Kakaopulver (2,6%), VOLLEIPULVER, Stärke, HASELNUSSMARK (1,2%), MILCHSCHOKOLADE (enthält SOJA) (0,5%), Emulgatoren: E471, Lecithine (SOJA); Backtriebmittel: E450, E500; Speisesalz, Aroma. In Großbuchstaben angegebene Zutaten enthalten allergene Inhaltsstoffe."]},{"key":"Allergene:","value":["Kann Spuren enthalten von:Schalenfrüchte und daraus gewonnene Erzeugnisse","Enthält:Eier und daraus gewonnene Erzeugnisse, Glutenhaltiges Getreide und daraus hergestellte Erzeugnisse, Milch und daraus gewonnene Erzeugnisse (inkl. Laktose), Schalenfrüchte und daraus gewonnene Erzeugnisse, Sojabohnen und daraus gewonnene Erzeugnisse"]},{"key":"Kontakt:","value":["Zott SE & Co. KG","Dr.-Steichele-Straße 2-4, 86690 Mertingen, Deutschland"]}],"nutritions":[{"key":"","value":"Unzubereitet"},{"key":" ","value":"100 g"},{"key":"Energie","value":"1884 kJ | 452 kcal"},{"key":"Fett","value":"27,8 g"},{"key":"Fett, davon gesättigte Fettsäuren","value":"16,4 g"},{"key":"Kohlenhydrate","value":"43,8 g"},{"key":"Kohlenhydrate, davon Zucker","value":"31,3 g"},{"key":"Eiweiß","value":"5,8 g"},{"key":"Salz","value":"0,47 g"}],"tags":[]},
    {"url":"https://www.interspar.at/shop/lebensmittel/p/5906543","data":[{"key":"price","value":"2,99 €"},{"key":"oldPrice","value":"\n\t\t\t\t\t\n\t\t\t\t\t \n\t\t\t\t"},{"key":"pricePerUnit","value":"(14.95 €/kg)"},{"key":"productDetailsName","value":"Feel Good - Bio Cevapcici - 200 G"},{"key":"detailsDescription","value":"200 G"},{"key":"articleNumber","value":"Artikelnummer: 5906543"},{"key":"Lagerhinweis:","value":["Gekühlt bei +2°C bis +6°C lagern. Nach dem Öffnen gekühlt lagern und innerhalb von 3 Tagen verbrauchen."]},{"key":"Zutaten:","value":["Zutaten: Wasser, texturiertes SOJAEIWEISS* 11%, DINKEL* 9%, Zwiebel* 9%, Knoblauchpaste* 4% (Knoblauch* 90%, Meersalz), Sonnenblumenöl*, Kartoffelflocken* (Kartoffeln*, Rosmarinextrakt*), Brösel* (WEIZENMEHL*, Hefe, Wasser, Speisesalz, Palmfett*), DINKELMEHL*, Senf* (Wasser, GELBSENFSAAT*, BRAUNSENFSAAT*, Gewürze*, Kräuter*), Tomatenmark*, Gemüsebrühe* (Meersalz, Karotte*, SELLERIE*, Zwiebel*, Bärlauch*, Lauch*, Petersilie*, Liebstöckelwurzel*, Bockshornklee*, Maismehl*, Sonnenblumenöl*), Zwiebelpulver*, Meersalz, Gewürze. Frittiert in Sonnenblumenöl*. *aus biologischer Landwirtschaft. In Großbuchstaben angegebene Zutaten enthalten allergene Inhaltsstoffe."]},{"key":"Allergene:","value":["Enthält:Glutenhaltiges Getreide und daraus hergestellte Erzeugnisse, Sellerie und daraus gewonnene Erzeugnisse, Senf und daraus gewonnene Erzeugnisse, Sojabohnen und daraus gewonnene Erzeugnisse"]},{"key":"Zubereitung:","value":["Braten mit wenig FettMit etwas Öl auf beiden Seiten jeweils 2-3 Minuten bei mittlerer Hitze anbraten.","Zubereitung in der Mikrowelle1 Minute bei 800 Watt erwärmen.","BackenIm vorgeheizten Backrohr bei 180°C 7-10 Minuten erwärmen."]},{"key":"Bio-Kontrollstelle:","value":["AT-BIO-301"]},{"key":"Ökoherkunft:","value":["EU-/Nicht-EU-Landwirtschaft"]},{"key":"Ursprungsland/Herkunftsort:","value":["Österreich"]},{"key":"Verbrauchen nach dem Öffnen:","value":["3 Tage"]},{"key":"Kontakt:","value":["Sojarei Vollwertkost GmbH","Romerstraße 14, 2514 Traiskirchen, Österreich"]}],"nutritions":[{"key":"","value":"Unzubereitet"},{"key":" ","value":"100 g"},{"key":"Energie","value":"823 kJ | 196 kcal"},{"key":"Fett","value":"6,2 g"},{"key":"Fett, davon gesättigte Fettsäuren","value":"0,9 g"},{"key":"Kohlenhydrate","value":"24 g"},{"key":"Kohlenhydrate, davon Zucker","value":"2 g"},{"key":"Ballaststoffe","value":"3,8 g"},{"key":"Eiweiß","value":"8,7 g"},{"key":"Salz","value":"0,7 g"}],"tags":["Bio","Vegan","Lactosefrei"]},
    {"url":"https://www.interspar.at/shop/lebensmittel/p/5968817","data":[{"key":"price","value":"4,19 €"},{"key":"oldPrice","value":"\n\t\t\t\t\t\n\t\t\t\t\t \n\t\t\t\t"},{"key":"pricePerUnit","value":"(13.09 €/kg)"},{"key":"productDetailsName","value":"Rougette - Ofenkäse Chili - 320 G"},{"key":"detailsDescription","value":"320 G"},{"key":"articleNumber","value":"Artikelnummer: 5968817"},{"key":"Lagerhinweis:","value":["gekühlt lagern bei +2°C bis +8°C"]},{"key":"Zutaten:","value":["Zutaten: past. KUHMILCH, Kochsalz, Paprika, Chili, Chiliextrakt, Mikrobielles Lab, Farbstoff: Paprikaextrakt, Milchsäuerungskulturen, Reifungskulturen. In Großbuchstaben angegebene Zutaten enthalten allergene Inhaltsstoffe."]},{"key":"Allergene:","value":["Paprikaextrakt, Chiliextrakt, Chili","Enthält:Milch und daraus gewonnene Erzeugnisse (inkl. Laktose)"]},{"key":"Identitätskennzeichen:","value":["DE BY 77711 EG"]},{"key":"Kontakt:","value":["Käserei Champignon","Kemptener Straße 17-24, 87493 Lauben/Allgäu, Deutschland"]}],"nutritions":[{"key":"","value":"Unzubereitet"},{"key":" ","value":"100 g"},{"key":"Energie","value":"1448 kJ | 350 kcal"},{"key":"Fett","value":"32 g"},{"key":"Fett, davon gesättigte Fettsäuren","value":"21 g"},{"key":"Kohlenhydrate","value":"0,5 g"},{"key":"Kohlenhydrate, davon Zucker","value":"0,5 g"},{"key":"Ballaststoffe","value":"0 g"},{"key":"Eiweiß","value":"15 g"},{"key":"Salz","value":"1,7 g"}],"tags":["Gekühlt"]},
    {"url":"https://www.interspar.at/shop/lebensmittel/p/6343774","data":[{"key":"price","value":"2,99 €"},{"key":"oldPrice","value":"\n\t\t\t\t\t\n\t\t\t\t\t \n\t\t\t\t"},{"key":"pricePerUnit","value":"(5.98 €/kg)"},{"key":"productDetailsName","value":"SPAR Feine Küche - Tortelloni mit Rindfleischfüllung - 500 G"},{"key":"detailsDescription","value":"500 G"},{"key":"articleNumber","value":"Artikelnummer: 6343774"},{"key":"Lagerhinweis:","value":["Vor und nach dem Öffnen 3°C bis 7°C und nach dem Öffnen innerhalb eines Tages zu verbrauchen."]},{"key":"Zutaten:","value":["Zutaten: Teig 76% (HARTWEIZENGRIESS, Wasser, EIER* 2%, Speisesalz unjodiert), Füllung 24% (Rindfleisch 13%, Wasser, Tomatenmarkkonzentrat, WEIZENMEHL, Speisesalz unjodiert, DINKELSCHROT, Karotten, Gewürze, Kräuter, Rapsöl). *aus Bodenhaltung. In Großbuchstaben angegebene Zutaten enthalten allergene Inhaltsstoffe."]},{"key":"Allergene:","value":["Kann Spuren enthalten von:Sojabohnen und daraus gewonnene Erzeugnisse","Enthält:Eier und daraus gewonnene Erzeugnisse, Glutenhaltiges Getreide und daraus hergestellte Erzeugnisse"]},{"key":"Zubereitung:","value":["Sieden in kochender FlüssigkeitTeigwaren in kochendes, gesalzenes Wasser oder Bouillon geben und 2 Minuten ziehen lassen."]},{"key":"Identitätskennzeichen:","value":["CH 224"]},{"key":"Ursprungsland/Herkunftsort:","value":["Sorgfältig hergestellt in Liechtenstein"]},{"key":"Kontakt:","value":["SPAR Österr. Warenhandels-AG","Europastraße 3, 5015 Salzburg, Österreich"]}],"nutritions":[{"key":" ","value":"100 g"},{"key":"","value":"Unzubereitet"},{"key":"Energie","value":"777 kJ | 184 kcal"},{"key":"Fett","value":"3,6 g"},{"key":"Fett, davon gesättigte Fettsäuren","value":"1,3 g"},{"key":"Kohlenhydrate","value":"29 g"},{"key":"Kohlenhydrate, davon Zucker","value":"1,9 g"},{"key":"Ballaststoffe","value":"1,8 g"},{"key":"Eiweiß","value":"8 g"},{"key":"Salz","value":"1,5 g"},{"key":"Broteinheiten","value":"2,4 BE"},{"key":" ","value":"Portion (125 g)"},{"key":"","value":"Unzubereitet"},{"key":"Energie","value":"971 kJ | 230 kcal | 12 %"},{"key":"Fett","value":"4,5 g | 6 %"},{"key":"Fett, davon gesättigte Fettsäuren","value":"1,6 g | 8 %"},{"key":"Kohlenhydrate","value":"36 g"},{"key":"Kohlenhydrate, davon Zucker","value":"2,4 g | 3 %"},{"key":"Ballaststoffe","value":"2,3 g"},{"key":"Eiweiß","value":"10 g"},{"key":"Salz","value":"1,9 g | 31 %"},{"key":"Broteinheiten","value":"3 BE"}],"tags":["Lactosefrei"]},
    {"url":"https://www.interspar.at/shop/lebensmittel/p/6343798","data":[{"key":"price","value":"1,19 €"},{"key":"oldPrice","value":"\n\t\t\t\t\t\n\t\t\t\t\tstatt 1,79 €\n\t\t\t\t"},{"key":"pricePerUnit","value":"(4.76 €/kg)"},{"key":"productDetailsName","value":"SPAR Feine Küche - Tortelloni mit Käsefüllung - 250 G"},{"key":"detailsDescription","value":"250 G"},{"key":"articleNumber","value":"Artikelnummer: 6343798"},{"key":"Lagerhinweis:","value":["Vor und nach dem Öffnen bei 3°C bis 7°C  lagern nach dem Öffnen innerhalb eines Tages verbrauchen."]},{"key":"Zutaten:","value":["Zutaten: Teig: 76% (HARTWEIZENGRIESS, Wasser, EIER* 2%, Speisesalz unjodiert), Füllung 24% (Wasser, KÄSE 6%, RICOTTA 3% (MOLKENEIWEISSKÄSE), WEIZENMEHL, Speisesalz unjodiert, Rapsöl, Aromen (enthält MILCHERZEUGNIS), Kartoffelstärke, Reismehl, Gewürze, Zucker, Gewürzextrakte, Zitronensaftkonzentrat). *aus Bodenhaltung. In Großbuchstaben angegebene Zutaten enthalten allergene Inhaltsstoffe."]},{"key":"Allergene:","value":["Kann Spuren enthalten von:Sellerie und daraus gewonnene Erzeugnisse, Senf und daraus gewonnene Erzeugnisse, Sojabohnen und daraus gewonnene Erzeugnisse","Enthält:Eier und daraus gewonnene Erzeugnisse, Glutenhaltiges Getreide und daraus hergestellte Erzeugnisse, Milch und daraus gewonnene Erzeugnisse (inkl. Laktose)"]},{"key":"Zubereitung:","value":["Sieden in kochender FlüssigkeitTeigwaren in kochendes, gesalzenes Wasser geben, Hitze reduzieren und 2 Minuten ziehen lassen."]},{"key":"Identitätskennzeichen:","value":["CH 224"]},{"key":"Ursprungsland/Herkunftsort:","value":["Sorgfältig hergestellt in Liechtenstein"]},{"key":"Kontakt:","value":["SPAR Österr. Warenhandels-AG","Europastraße 3, 5015 Salzburg, Österreich"]}],"nutritions":[{"key":" ","value":"100 g"},{"key":"","value":"Unzubereitet"},{"key":"Energie","value":"792 kJ | 188 kcal"},{"key":"Fett","value":"2,9 g"},{"key":"Fett, davon gesättigte Fettsäuren","value":"1 g"},{"key":"Kohlenhydrate","value":"31 g"},{"key":"Kohlenhydrate, davon Zucker","value":"0,9 g"},{"key":"Ballaststoffe","value":"1,7 g"},{"key":"Eiweiß","value":"8,5 g"},{"key":"Salz","value":"1,3 g"},{"key":"Broteinheiten","value":"2,6 BE"},{"key":" ","value":"Portion (125 g)"},{"key":"","value":"Unzubereitet"},{"key":"Energie","value":"1000 kJ | 237 kcal"},{"key":"Fett","value":"3,6 g"},{"key":"Fett, davon gesättigte Fettsäuren","value":"1,3 g"},{"key":"Kohlenhydrate","value":"39 g"},{"key":"Kohlenhydrate, davon Zucker","value":"1,1 g"},{"key":"Ballaststoffe","value":"2,1 g"},{"key":"Eiweiß","value":"11 g"},{"key":"Salz","value":"1,6 g"},{"key":"Broteinheiten","value":"3,2 BE"}],"tags":[]},
    {"url":"https://www.interspar.at/shop/lebensmittel/p/6343811","data":[{"key":"price","value":"2,99 €"},{"key":"oldPrice","value":"\n\t\t\t\t\t\n\t\t\t\t\t \n\t\t\t\t"},{"key":"pricePerUnit","value":"(5.98 €/kg)"},{"key":"productDetailsName","value":"SPAR Feine Küche - Tortelloni mit Ricotta- und Spinatfüllung - 500 G"},{"key":"detailsDescription","value":"500 G"},{"key":"articleNumber","value":"Artikelnummer: 6343811"},{"key":"Lagerhinweis:","value":["Vor und nach dem Öffnen bei 3°C bis 7°C lagern und nach dem Öffnen innerhalb eines Tages verbrauchen."]},{"key":"Zutaten:","value":["Zutaten: Teig 76% (HARTWEIZENGRIESS, Wasser, EIER* 2%, Speisesalz unjodiert), Füllung 24% (Wasser, Spinat 8%, RICOTTA 5% (MOLKENEIWEISSKÄSE), KÄSE, WEIZENMEHL, Speisesalz unjodiert, Rapsöl, HARTWEIZENGRIESS, Aroma (enthält MILCHERZEUGNIS), Kartoffelstärke, Reismehl, Gewürze, Zucker, VOLLMILCHPULVER, Zitronensaftkonzentrat, Gewürzextrakte). *aus Bodenhaltung. In Großbuchstaben angegebene Zutaten enthalten allergene Inhaltsstoffe."]},{"key":"Allergene:","value":["Kann Spuren enthalten von:Sojabohnen und daraus gewonnene Erzeugnisse","Enthält:Eier und daraus gewonnene Erzeugnisse, Glutenhaltiges Getreide und daraus hergestellte Erzeugnisse, Milch und daraus gewonnene Erzeugnisse (inkl. Laktose)"]},{"key":"Zubereitung:","value":["Simmern/Köcheln"]},{"key":"Identitätskennzeichen:","value":["CH 224"]},{"key":"Ursprungsland/Herkunftsort:","value":["Sorgfältig hergestellt in der Schweiz"]},{"key":"Kontakt:","value":["SPAR Österr. Warenhandels-AG","Europastraße 3, 5015 Salzburg, Österreich"]}],"nutritions":[{"key":" ","value":"100 g"},{"key":"","value":"Unzubereitet"},{"key":"Energie","value":"761 kJ | 180 kcal"},{"key":"Fett","value":"2,6 g"},{"key":"Fett, davon gesättigte Fettsäuren","value":"1 g"},{"key":"Kohlenhydrate","value":"30 g"},{"key":"Kohlenhydrate, davon Zucker","value":"0,7 g"},{"key":"Ballaststoffe","value":"1,9 g"},{"key":"Eiweiß","value":"8,2 g"},{"key":"Salz","value":"1,1 g"},{"key":"Broteinheiten","value":"2,5 BE"},{"key":" ","value":"Portion (125 g)"},{"key":"","value":"Unzubereitet"},{"key":"Energie","value":"957 kJ | 227 kcal"},{"key":"Fett","value":"3,3 g"},{"key":"Fett, davon gesättigte Fettsäuren","value":"1,3 g"},{"key":"Kohlenhydrate","value":"38 g"},{"key":"Kohlenhydrate, davon Zucker","value":"0,9 g"},{"key":"Ballaststoffe","value":"2,4 g"},{"key":"Eiweiß","value":"10 g"},{"key":"Salz","value":"1,4 g"},{"key":"Broteinheiten","value":"3,1 BE"}],"tags":[]},
    {"url":"https://www.interspar.at/shop/lebensmittel/p/6887476","data":[{"key":"price","value":"1,79 €"},{"key":"oldPrice","value":"\n\t\t\t\t\t\n\t\t\t\t\t \n\t\t\t\t"},{"key":"pricePerUnit","value":"(11.93 €/kg)"},{"key":"productDetailsName","value":"SPAR Veggie - Veganer Bio-Brotaufstrich Liptauer Art - 150 G"},{"key":"detailsDescription","value":"150 G"},{"key":"articleNumber","value":"Artikelnummer: 6887476"},{"key":"Lagerhinweis:","value":["Vor und nach dem Öffnen gekühlt lagern. Nach dem Öffnen innerhalb von 3 Tagen verbrauchen."]},{"key":"Zutaten:","value":["Zutaten: 39% Sojabasis* (Trinkwasser, SOJABOHNEN*), Kokosöl*, 12% Paprika*, 10% Tofu* (Trinkwasser, SOJABOHNEN*, Gerinnungsmittel: Calciumsulfat), Zwiebel*, Essiggurken* (Gurken*, Weingeistessig*, Trinkwasser, Zucker*, Speisesalz, Gewürze*), Trinkwasser, Tomaten*, Kartoffelstärke*, Sonnenblumenöl*, Speisesalz, SENFKORN*, Paprikapulver* edelsüß, Paprika* scharf, Zucker*, Maltodextrin*, Gewürze*, Knoblauch*, Säuerungsmittel: Milchsäure. *aus kontrolliert biologischem Anbau. In Großbuchstaben angegebene Zutaten enthalten allergene Inhaltsstoffe."]},{"key":"Allergene:","value":["Enthält:Senf und daraus gewonnene Erzeugnisse, Sojabohnen und daraus gewonnene Erzeugnisse"]},{"key":"Bio-Kontrollstelle:","value":["AT-BIO-301"]},{"key":"Ökoherkunft:","value":["EU-/Nicht-EU-Landwirtschaft"]},{"key":"Zusatztext:","value":["TIPP: SPAR Veggie Bio-Brotaufstrich ist koch- und backfest und eignet sich nicht nur als Brotaufstrich, sondern auch als Dip.Eine abwechslungsreiche, ausgewogene Ernährung, Bewegung und ein gesunder Lebensstil sind wichtig für die Gesundheit."]},{"key":"Ursprungsland/Herkunftsort:","value":["hergestellt in Österreich"]},{"key":"Verbrauchen nach dem Öffnen:","value":["3 Tage"]},{"key":"Kontakt:","value":["SPAR Österr. Warenhandels-AG","Europastraße 3, 5015 Salzburg, Österreich"]}],"nutritions":[{"key":" ","value":"100 g"},{"key":"","value":"Unzubereitet"},{"key":"Energie","value":"977 kJ | 236 kcal"},{"key":"Fett","value":"21 g"},{"key":"Fett, davon gesättigte Fettsäuren","value":"2,8 g"},{"key":"Kohlenhydrate","value":"6,9 g"},{"key":"Kohlenhydrate, davon Zucker","value":"3,4 g"},{"key":"Ballaststoffe","value":"2,5 g"},{"key":"Eiweiß","value":"3,7 g"},{"key":"Salz","value":"1,2 g"},{"key":"Broteinheiten","value":"0,6 BE"}],"tags":["Bio","Vegan","Glutenfrei","Lactosefrei"]},
    {"url":"https://www.interspar.at/shop/lebensmittel/p/7024696","data":[{"key":"price","value":"2,49 €"},{"key":"oldPrice","value":"\n\t\t\t\t\t\n\t\t\t\t\t \n\t\t\t\t"},{"key":"pricePerUnit","value":"(7.55 €/kg)"},{"key":"productDetailsName","value":"SPAR Feine Küche - Fleischbällchen mit Püree - 330 G"},{"key":"detailsDescription","value":"330 G"},{"key":"articleNumber","value":"Artikelnummer: 7024696"},{"key":"Lagerhinweis:","value":["Vor und nach dem Öffnen gekühlt lagern bei +2°C bis +5°C."]},{"key":"Zutaten:","value":["Zutaten: Wasser, Schweine- und Rindfleisch 14%, WEIZENMEHL, EIER, Kartoffelflocken (Kartoffelflocken, Emulgator: Mono- und Diglyceride von Speisefettsäuren, Gewürzen), Zwiebeln, Petersilwurzel, SELLERIE, PANIERMEHL, VOLLMILCHPULVER, Rapsöl, Sonnenblumenöl, Gewürzextrakte, Speisesalz jodiert (Speisesalz, Kaliumjodid), Kartoffelstärke, Rindfleischextrakt, modifizierte Stärke, Maisstärke, doppelt konzentriertes Tomatenmark, Karottenpulver, Aroma, Gewürze, Hefe, Emulgator: Mono- und Diglyceride von Speisefettsäuren. In Großbuchstaben angegebene Zutaten enthalten allergene Inhaltsstoffe."]},{"key":"Allergene:","value":["Enthält:Eier und daraus gewonnene Erzeugnisse, Glutenhaltiges Getreide und daraus hergestellte Erzeugnisse, Milch und daraus gewonnene Erzeugnisse (inkl. Laktose), Sellerie und daraus gewonnene Erzeugnisse"]},{"key":"","value":["ohne Geschmacksverstärker"]},{"key":"","value":["Ohne Konservierungsstoffe","Ohne Farbstoffe"]},{"key":"Zubereitung:","value":["Zubereitung in der MikrowellePackungsfolie mit einer Gabel mehrfach einstechen. Die geschlossene Schale ca. 2-3 Minuten erhitzen. Kurz ruhen lassen, die Folie abziehen, anrichten und genießen.","Grillen/Braten mit OberhitzeFleischbällchen und Sauce unter Zugabe von 2 EL Wasser bei mittlerer Hitze ca. 3 Minuten erwärmen. In einer zweiten Pfanne das Kartoffelpüree unter Zugabe von 2 EL Wasser unter mehrmaligem Umrühren erwärmen."]},{"key":"Identitätskennzeichen:","value":["AT 30733 EG"]},{"key":"Ursprungsland/Herkunftsort:","value":["hergestellt in Österreich"]},{"key":"Kontakt:","value":["SPAR Österr. Warenhandels-AG","Europastraße 3, 5015 Salzburg, Österreich"]}],"nutritions":[{"key":" ","value":"100 g"},{"key":"","value":"Unzubereitet"},{"key":"Energie","value":"487 kJ | 116 kcal"},{"key":"Fett","value":"6,2 g"},{"key":"Fett, davon gesättigte Fettsäuren","value":"1,5 g"},{"key":"Kohlenhydrate","value":"9,4 g"},{"key":"Kohlenhydrate, davon Zucker","value":"2,2 g"},{"key":"Ballaststoffe","value":"1,1 g"},{"key":"Eiweiß","value":"4,8 g"},{"key":"Salz","value":"1,4 g"},{"key":"Broteinheiten","value":"0,8 BE"},{"key":" ","value":"Portion (330 g)"},{"key":"","value":"Unzubereitet"},{"key":"Energie","value":"1607 kJ | 383 kcal | 19 %"},{"key":"Fett","value":"21 g | 30 %"},{"key":"Fett, davon gesättigte Fettsäuren","value":"5 g | 25 %"},{"key":"Kohlenhydrate","value":"31 g"},{"key":"Kohlenhydrate, davon Zucker","value":"7,3 g | 8 %"},{"key":"Ballaststoffe","value":"3,6 g"},{"key":"Eiweiß","value":"16 g"},{"key":"Salz","value":"4,6 g | 77 %"},{"key":"Broteinheiten","value":"2,6 BE"}],"tags":[]},
    {"url":"https://www.interspar.at/shop/lebensmittel/p/7024719","data":[{"key":"price","value":"1,99 €"},{"key":"oldPrice","value":"\n\t\t\t\t\t\n\t\t\t\t\tstatt 2,99 €\n\t\t\t\t"},{"key":"pricePerUnit","value":"(6.03 €/kg)"},{"key":"productDetailsName","value":"SPAR Feine Küche - Kalbsbutterschnitzel 2 Stück - 330 G"},{"key":"detailsDescription","value":"330 G"},{"key":"articleNumber","value":"Artikelnummer: 7024719"},{"key":"Lagerhinweis:","value":["Vor und nach dem Öffnen gekühlt lagern bei +2°C bis +5°C."]},{"key":"Zutaten:","value":["Zutaten: Kartoffeln, Kalbfleisch 33%, Wasser, WEIZENMEHL, EIER, Gewürzextrakte, VOLLMILCHPULVER, MOLKENPULVER, Rapsöl, Sonnenblumenöl, Maisstärke, Zucker, Karamellzuckersirup, Aroma (enthält GLUTEN), Speisesalz jodiert (Speisesalz, Kaliumjodid), Gewürze, Antioxidationsmittel: Ascorbinsäure, Stabilisator: Polyphosphate. In Großbuchstaben angegebene Zutaten enthalten allergene Inhaltsstoffe."]},{"key":"Allergene:","value":["Enthält:Eier und daraus gewonnene Erzeugnisse, Glutenhaltiges Getreide und daraus hergestellte Erzeugnisse, Milch und daraus gewonnene Erzeugnisse (inkl. Laktose)"]},{"key":"","value":["ohne Geschmacksverstärker"]},{"key":"","value":["Ohne Konservierungsstoffe","Ohne Farbstoffe"]},{"key":"Zubereitung:","value":["Grillen/Braten mit OberhitzeKalbsbutterschnitzel mit Sauce und Kartoffeln und Zugabe von ca. 3 EL Wasser zugedeckt bei mittlerer Hitze ca. 2 Minuten erwärmen.","Zubereitung in der MikrowellePackungsfolie mit einer Gabel mehrfach einstechen. Die geschlossene Schale ca. 2 Minuten erhitzen. Kurz ruhen lassen, die Folie abziehen, anrichten und genießen."]},{"key":"Identitätskennzeichen:","value":["AT 30733 EG"]},{"key":"Ursprungsland/Herkunftsort:","value":["hergestellt in Österreich"]},{"key":"Kontakt:","value":["SPAR Österr. Warenhandels-AG","Europastraße 3, 5015 salzburg, Österreich"]}],"nutritions":[{"key":" ","value":"100 g"},{"key":"","value":"Unzubereitet"},{"key":"Energie","value":"460 kJ | 110 kcal"},{"key":"Fett","value":"4,2 g"},{"key":"Fett, davon gesättigte Fettsäuren","value":"1,3 g"},{"key":"Kohlenhydrate","value":"9,7 g"},{"key":"Kohlenhydrate, davon Zucker","value":"0,8 g"},{"key":"Ballaststoffe","value":"0,7 g"},{"key":"Eiweiß","value":"7,9 g"},{"key":"Salz","value":"1,4 g"},{"key":"Broteinheiten","value":"0,8 BE"},{"key":" ","value":"1 g"},{"key":"","value":"Unzubereitet"},{"key":"Energie","value":"1518 kJ | 363 kcal | 19 %"},{"key":"Fett","value":"14 g | 20 %"},{"key":"Fett, davon gesättigte Fettsäuren","value":"4,3 g | 22 %"},{"key":"Kohlenhydrate","value":"32 g"},{"key":"Kohlenhydrate, davon Zucker","value":"2,6 g | 3 %"},{"key":"Ballaststoffe","value":"2,3 g"},{"key":"Eiweiß","value":"26 g"},{"key":"Salz","value":"4,6 g | 77 %"},{"key":"Broteinheiten","value":"2,7 BE"}],"tags":[]},
    {"url":"https://www.interspar.at/shop/lebensmittel/p/7024764","data":[{"key":"price","value":"1,99 €"},{"key":"oldPrice","value":"\n\t\t\t\t\t\n\t\t\t\t\t \n\t\t\t\t"},{"key":"pricePerUnit","value":"(6.03 €/kg)"},{"key":"productDetailsName","value":"SPAR Feine Küche - Penne Arrabbiata - 330 G"},{"key":"detailsDescription","value":"330 G"},{"key":"articleNumber","value":"Artikelnummer: 7024764"},{"key":"Lagerhinweis:","value":["Vor und nach dem Öffnen gekühlt lagern bei +2°C bis +5°C."]},{"key":"Zutaten:","value":["Zutaten: Wasser, HARTWEIZENGRIESS,Tomaten 23%, Paprika, Gewürzextrakte, Zwiebeln, doppelt konzentriertes Tomatenmark 2%, EI, TROCKENEIEIWEISS, Speisesalz jodiert (Speisesalz, Kaliumjodid), WEIZENMEHL, Zucker, Olivenöl, Rapsöl, Sonnenblumenöl, SOJAÖL, Maisstärke, Gewürze, Aromaextrakte, Weingeistessig, Aroma, Karamellzuckersirup. In Großbuchstaben angegebene Zutaten enthalten allergene Inhaltsstoffe."]},{"key":"Allergene:","value":["Enthält:Eier und daraus gewonnene Erzeugnisse, Glutenhaltiges Getreide und daraus hergestellte Erzeugnisse, Sojabohnen und daraus gewonnene Erzeugnisse"]},{"key":"","value":["ohne Geschmacksverstärker"]},{"key":"","value":["Ohne Konservierungsstoffe"]},{"key":"Zubereitung:","value":["Zubereitung in der MikrowellePackungsfolie mit einer Gabel mehrfach einstechen. Die geschlossene Schale ca. 2 - 3 Min. bei 600 Watt erhitzen. Kurz ruhen lassen, die Folie abziehen, anrichten und genießen.","Unter Rühren kurz anbratenPackungsinhalt in einer Pfanne ca. 3 - 4 Minuten erwärmen. Mehrmals umrühren."]},{"key":"Identitätskennzeichen:","value":["AT 30733 EG"]},{"key":"Ursprungsland/Herkunftsort:","value":["Hergestellt in Österreich"]},{"key":"Kontakt:","value":["SPAR Österr. Warenhandels-AG","Europastraße 3, 5015 Salzburg, Österreich"]}],"nutritions":[{"key":" ","value":"100 g"},{"key":"","value":"Unzubereitet"},{"key":"Energie","value":"483 kJ | 114 kcal"},{"key":"Fett","value":"1,3 g"},{"key":"Fett, davon gesättigte Fettsäuren","value":"0,2 g"},{"key":"Kohlenhydrate","value":"21 g"},{"key":"Kohlenhydrate, davon Zucker","value":"3 g"},{"key":"Ballaststoffe","value":"1,5 g"},{"key":"Eiweiß","value":"4,3 g"},{"key":"Salz","value":"1,1 g"},{"key":"Broteinheiten","value":"1,7 BE"},{"key":" ","value":"Portion (330 g)"},{"key":"","value":"Unzubereitet"},{"key":"Energie","value":"1594 kJ | 376 kcal"},{"key":"Fett","value":"4,3 g"},{"key":"Fett, davon gesättigte Fettsäuren","value":"0,7 g"},{"key":"Kohlenhydrate","value":"69 g"},{"key":"Kohlenhydrate, davon Zucker","value":"9,9 g"},{"key":"Ballaststoffe","value":"5 g"},{"key":"Eiweiß","value":"14 g"},{"key":"Salz","value":"3,6 g"},{"key":"Broteinheiten","value":"5,6 BE"}],"tags":["Lactosefrei"]},
    {"url":"https://www.interspar.at/shop/lebensmittel/p/7024894","data":[{"key":"price","value":"2,49 €"},{"key":"oldPrice","value":"\n\t\t\t\t\t\n\t\t\t\t\t \n\t\t\t\t"},{"key":"pricePerUnit","value":"(7.55 €/kg)"},{"key":"productDetailsName","value":"SPAR Feine Küche - Specklinsen mit Serviettenknödel - 330 G"},{"key":"detailsDescription","value":"330 G"},{"key":"articleNumber","value":"Artikelnummer: 7024894"},{"key":"Lagerhinweis:","value":["Vor und nach dem Öffnen gekühlt lagern bei +2°C bis 5°C."]},{"key":"Zutaten:","value":["Zutaten: Wasser, WEIZENMEHL, Linsen (13%), Zwiebeln, Schweinefleisch, SELLERIE, zweifach konzentriertes Tomatenmark, EI, Weingeistessig, Maisstärke, Zucker, Karamellzuckersirup, Karottenpulver, Rapsöl, Sonnenblumenöl, Gewürzextrakte, SCHLAGOBERS, Speisesalz jodiert (Speisesalz, Kaliumjodid), Gewürze (mit SENFSAAT), Hefe, Aroma, Konservierungsstoff: Natriumnitrat, Stabilisatoren: Di-, Tri- und Polyphosphate, Antioxidationsmittel: Natriumascorbat. In Großbuchstaben angegebene Zutaten enthalten allergene Inhaltsstoffe."]},{"key":"Allergene:","value":["Enthält:Eier und daraus gewonnene Erzeugnisse, Glutenhaltiges Getreide und daraus hergestellte Erzeugnisse, Milch und daraus gewonnene Erzeugnisse (inkl. Laktose), Sellerie und daraus gewonnene Erzeugnisse, Senf und daraus gewonnene Erzeugnisse"]},{"key":"","value":["ohne Geschmacksverstärker"]},{"key":"","value":["Ohne Farbstoffe"]},{"key":"Zubereitung:","value":["Unter Rühren kurz anbratenSpecklinsen in eine beschichtete Pfanne geben, bei mittlerer Hitze unter leichtem Rühren 1-2 Minuten erhitzen. Serviettenknödel beigeben und unter weiterem Rühren 1-2 Minuten erwärmen. Serviettenknödel dabei wenden.","Zubereitung in der MikrowellePackungsfolie mit einer Gabel mehrfach einstechen. Die geschlossene Schale ca. 2 Min. bei 600 Watt erhitzen. Kurz ruhen lassen, die Folie abziehen, anrichten und genießen."]},{"key":"Identitätskennzeichen:","value":["AT 30733 EG"]},{"key":"Ursprungsland/Herkunftsort:","value":["Hergestellt in Österreich"]},{"key":"Kontakt:","value":["SPAR Österr. Warenhandels-AG","Europastraße 3, 5015 Salzburg, Österreich"]}],"nutritions":[{"key":" ","value":"100 g"},{"key":"","value":"Unzubereitet"},{"key":"Energie","value":"570 kJ | 136 kcal"},{"key":"Fett","value":"3,4 g"},{"key":"Fett, davon gesättigte Fettsäuren","value":"0,8 g"},{"key":"Kohlenhydrate","value":"17 g"},{"key":"Kohlenhydrate, davon Zucker","value":"1 g"},{"key":"Ballaststoffe","value":"3,3 g"},{"key":"Eiweiß","value":"7,3 g"},{"key":"Salz","value":"1,4 g"},{"key":"Broteinheiten","value":"1,4 BE"},{"key":" ","value":"Portion (330 g)"},{"key":"","value":"Unzubereitet"},{"key":"Energie","value":"1881 kJ | 449 kcal"},{"key":"Fett","value":"11 g"},{"key":"Fett, davon gesättigte Fettsäuren","value":"2,6 g"},{"key":"Kohlenhydrate","value":"56 g"},{"key":"Kohlenhydrate, davon Zucker","value":"3,3 g"},{"key":"Ballaststoffe","value":"11 g"},{"key":"Eiweiß","value":"24 g"},{"key":"Salz","value":"4,6 g"},{"key":"Broteinheiten","value":"4,6 BE"}],"tags":[]},
    {"url":"https://www.interspar.at/shop/lebensmittel/p/7407994","data":[{"key":"price","value":"2,99 €"},{"key":"oldPrice","value":"\n\t\t\t\t\t\n\t\t\t\t\t \n\t\t\t\t"},{"key":"pricePerUnit","value":"(9.97 €/kg)"},{"key":"productDetailsName","value":"SPAR Feine Küche - Faschierte Laibchen gebraten - 300 G"},{"key":"detailsDescription","value":"300 G"},{"key":"articleNumber","value":"Artikelnummer: 7407994"},{"key":"Lagerhinweis:","value":["Vor und nach dem Öffnen gekühlt bei +2°C bis +6°C lagern und nach dem Öffnen alsbald verbrauchen."]},{"key":"Zutaten:","value":["Zutaten: Schweinefleisch 83%*, Zwiebel, Knödelbrot (WEIZENMEHL, Trinkwasser, Speisesalz, Hefe), Trinkwasser, Speisesalz, VOLLEI, Gewürze, Maltodextrin, Zucker, Kräuter, Gewürzextrakte, Knoblauch, Petersilie, Rapsöl. * %- Angaben beziehen sich auf die Gesamteinwaage. In Großbuchstaben angegebene Zutaten enthalten allergene Inhaltsstoffe."]},{"key":"Allergene:","value":["Kann Spuren von Soja, Milch, Schalenfrüchten, Lupinen, Sellerie, Senf und Sesam enthalten.","Kann Spuren enthalten von:Lupinen und daraus gewonnene Erzeugnisse, Milch und daraus gewonnene Erzeugnisse (inkl. Laktose), Schalenfrüchte und daraus gewonnene Erzeugnisse, Sellerie und daraus gewonnene Erzeugnisse, Senf und daraus gewonnene Erzeugnisse, Sesamsamen und daraus gewonnene Erzeugnisse, Sojabohnen und daraus gewonnene Erzeugnisse","Enthält:Eier und daraus gewonnene Erzeugnisse, Glutenhaltiges Getreide und daraus hergestellte Erzeugnisse"]},{"key":"","value":["Frei von Aromen","Ohne Konservierungsstoffe"]},{"key":"Zubereitung:","value":["Braten mit wenig FettIn einer Pfanne etwas Öl oder Butter erhitzen und die Laibchen unter mehrmaligem Wenden ca. 5 Minuten braten.","BackenIm auf 180 °C vorgeheizten Backrohr auf der mittleren Schiene in ca. 10 Minuten braten."]},{"key":"Identitätskennzeichen:","value":["AT 31353 EG"]},{"key":"Zusatztext:","value":["Vor dem Verzehr vollständig durcherhitzen."]},{"key":"Ursprungsland/Herkunftsort:","value":["Hergestellt in Österreich"]},{"key":"Kontakt:","value":["SPAR Österr. Warenhandels-AG","Europastraße 3, 5015 Salzburg, Österreich"]}],"nutritions":[{"key":" ","value":"100 g"},{"key":"","value":"Unzubereitet"},{"key":"Energie","value":"1210 kJ | 291 kcal"},{"key":"Fett","value":"21 g"},{"key":"Fett, davon gesättigte Fettsäuren","value":"9,5 g"},{"key":"Kohlenhydrate","value":"11 g"},{"key":"Kohlenhydrate, davon Zucker","value":"1,4 g"},{"key":"Ballaststoffe","value":"1 g"},{"key":"Eiweiß","value":"14 g"},{"key":"Salz","value":"1,3 g"},{"key":"Broteinheiten","value":"0,9 BE"}],"tags":[]},
    {"url":"https://www.interspar.at/shop/lebensmittel/p/7526169","data":[{"key":"price","value":"2,69 €"},{"key":"oldPrice","value":"\n\t\t\t\t\t\n\t\t\t\t\t \n\t\t\t\t"},{"key":"pricePerUnit","value":"(13.45 €/kg)"},{"key":"productDetailsName","value":"SPAR Feine Küche - Hühner Filetstreifen gebacken - 200 G"},{"key":"detailsDescription","value":"200 G"},{"key":"articleNumber","value":"Artikelnummer: 7526169"},{"key":"Lagerhinweis:","value":["Vor und nach dem Öffnen bei +2°C bis +6°C lagern und nach dem Öffnen alsbald verbrauchen."]},{"key":"Zutaten:","value":["Zutaten: Hühnerinnenfilets 65%, Panade (WEIZENMEHL, Trinkwasser, Maisstärke, Speisesalz, Hefe), Trinkwasser, Gewürze, Gewürzextrakte, Speisesalz jodiert (Speisesalz, Kaliumjodid), Rapsöl. In Großbuchstaben angegebene Zutaten enthalten allergene Inhaltsstoffe."]},{"key":"Allergene:","value":["Kann Spuren enthalten von:Lupinen und daraus gewonnene Erzeugnisse, Milch und daraus gewonnene Erzeugnisse (inkl. Laktose), Schalenfrüchte und daraus gewonnene Erzeugnisse, Sellerie und daraus gewonnene Erzeugnisse, Senf und daraus gewonnene Erzeugnisse, Sesamsamen und daraus gewonnene Erzeugnisse, Sojabohnen und daraus gewonnene Erzeugnisse","Enthält:Glutenhaltiges Getreide und daraus hergestellte Erzeugnisse"]},{"key":"","value":["ohne Geschmacksverstärker"]},{"key":"","value":["Laktosefrei"]},{"key":"Zubereitung:","value":["Braten mit wenig FettIn einer Pfanne etwas Butter oder Pflanzenöl erhitzen, Hühnerfiletstreifen bei mittlerer Hitze unter mehrmaligem Wenden auf beiden Seiten jeweils 4-5 Minuten braten.","BackenIm auf 180°C vorgeheizten Backrohr auf der mittleren Schiene in ca. 8-10 Minuten knusprig braten."]},{"key":"Identitätskennzeichen:","value":["AT 61904 EG"]},{"key":"Ursprungsland/Herkunftsort:","value":["Sorgfältig zubereitet in Österreich"]},{"key":"Verwendungshinweis:","value":["Vor dem Verzehr vollständig durcherhitzen!"]},{"key":"Kontakt:","value":["SPAR Österr. Warenhandels-AG","Europastraße 3, 5015 Salzburg, Österreich"]}],"nutritions":[{"key":"","value":"Unzubereitet"},{"key":" ","value":"100 g"},{"key":"Energie","value":"963 kJ | 230 kcal | 12 %"},{"key":"Fett","value":"10 g | 14 %"},{"key":"Fett, davon gesättigte Fettsäuren","value":"1,7 g | 9 %"},{"key":"Kohlenhydrate","value":"12 g"},{"key":"Kohlenhydrate, davon Zucker","value":"0,4 g | 0 %"},{"key":"Ballaststoffe","value":"1,9 g"},{"key":"Eiweiß","value":"22 g"},{"key":"Salz","value":"1 g | 17 %"},{"key":"Broteinheiten","value":"1 BE"}],"tags":["Lactosefrei"]},
    {"url":"https://www.interspar.at/shop/lebensmittel/p/7528392","data":[{"key":"price","value":"3,79 €"},{"key":"oldPrice","value":"\n\t\t\t\t\t\n\t\t\t\t\t \n\t\t\t\t"},{"key":"pricePerUnit","value":"(15.16 €/kg)"},{"key":"productDetailsName","value":"SPAR Feine Küche - Puten Cordon Bleu 2 Stück à 125g - 250 G"},{"key":"detailsDescription","value":"250 G"},{"key":"articleNumber","value":"Artikelnummer: 7528392"},{"key":"Lagerhinweis:","value":["Vor und nach dem Öffnen gekühlt bei +2°C bis +6°C lagern und nach dem Öffnen alsbald verbrauchen."]},{"key":"Zutaten:","value":["Zutaten: Putenfilets zusammengefügt 54%, Panade (WEIZENMEHL, Trinkwasser, Maisstärke, Speisesalz, Hefe), Puten-Toastschinken 8% (Putenfleisch, Trinkwasser, Speisesalz, Konservierungsstoff: Natriumnitrit, Maltodextrin, Gewürze, Gewürzextrakte, Stabilisator: Diphosphate, Zucker, Antioxidationsmittel: Natriumascorbat), Schmelzkäsezubereitung 45% F.i.T. 8% (KÄSE, Trinkwasser, BUTTER, MILCHEIWEISS, Schmelzsalze: Polyphosphate, Diphosphate, Natriumphosphate, Calciumphosphate, Speisesalz), Trinkwasser, Speisesalz jodiert (Speisesalz, Kaliumjodid), Gewürze, Zucker, Gewürzextrakte, Rapsöl. In Großbuchstaben angegebene Zutaten enthalten allergene Inhaltsstoffe."]},{"key":"Allergene:","value":["Kann Spuren enthalten von:Eier und daraus gewonnene Erzeugnisse, Lupinen und daraus gewonnene Erzeugnisse, Schalenfrüchte und daraus gewonnene Erzeugnisse, Sellerie und daraus gewonnene Erzeugnisse, Senf und daraus gewonnene Erzeugnisse, Sesamsamen und daraus gewonnene Erzeugnisse, Sojabohnen und daraus gewonnene Erzeugnisse","Enthält:Glutenhaltiges Getreide und daraus hergestellte Erzeugnisse, Milch und daraus gewonnene Erzeugnisse (inkl. Laktose)"]},{"key":"","value":["ohne Geschmacksverstärker"]},{"key":"Zubereitung:","value":["BackenIm vorgeheizten Backrohr bei 180°C (Ober- und Unterhitze) in ca. 8 - 10 Minuten fertig backen.","Braten in FettIn mit Öl oder Butter bodenbedeckter Pfanne bei mittlerer Hitze unter mehrmaligem Wenden 4-5 Minuten backen."]},{"key":"Identitätskennzeichen:","value":["AT 61904 EG"]},{"key":"Ursprungsland/Herkunftsort:","value":["hergestellt in Österreich"]},{"key":"Verwendungshinweis:","value":["Vor dem Verzehr vollständig durcherhitzen!"]},{"key":"Kontakt:","value":["SPAR Österr. Warenhandels-AG","Europastraße 3, 5015 Salzburg, Österreich"]}],"nutritions":[{"key":" ","value":"100 g"},{"key":"","value":"Unzubereitet"},{"key":"Energie","value":"816 kJ | 195 kcal"},{"key":"Fett","value":"8,5 g"},{"key":"Fett, davon gesättigte Fettsäuren","value":"2,5 g"},{"key":"Kohlenhydrate","value":"12 g"},{"key":"Kohlenhydrate, davon Zucker","value":"0,3 g"},{"key":"Ballaststoffe","value":"1 g"},{"key":"Eiweiß","value":"17 g"},{"key":"Salz","value":"1,3 g"},{"key":"Broteinheiten","value":"1 BE"},{"key":" ","value":"Portion (125 g)"},{"key":"","value":"Unzubereitet"},{"key":"Energie","value":"1019 kJ | 243 kcal | 12 %"},{"key":"Fett","value":"11 g | 16 %"},{"key":"Fett, davon gesättigte Fettsäuren","value":"3,1 g | 16 %"},{"key":"Kohlenhydrate","value":"15 g"},{"key":"Kohlenhydrate, davon Zucker","value":"0,4 g | 0 %"},{"key":"Ballaststoffe","value":"1,3 g"},{"key":"Eiweiß","value":"21 g"},{"key":"Salz","value":"1,6 g | 26 %"},{"key":"Broteinheiten","value":"1,3 BE"}],"tags":[]},
    {"url":"https://www.interspar.at/shop/lebensmittel/p/7562402","data":[{"key":"price","value":"1,99 €"},{"key":"oldPrice","value":"\n\t\t\t\t\t\n\t\t\t\t\t \n\t\t\t\t"},{"key":"pricePerUnit","value":"(4.33 €/kg)"},{"key":"productDetailsName","value":"Danone Dany+Sahne - Schoko-Vanille 4 x 115g - 460 G"},{"key":"detailsDescription","value":"460 G"},{"key":"articleNumber","value":"Artikelnummer: 7562402"},{"key":"Lagerhinweis:","value":["Kühl bei maximal +8°C lagern."]},{"key":"Zutaten:","value":["Zutaten: Entrahmte MILCH, SAHNE 20 %, MOLKENERZEUGNIS, Zucker, modifizierte Stärke (Mais, WEIZENSTÄRKE), Kakao 0,6%, Gelatine, Verdickungsmittel Carrageen, Emulgator Milchsäureester von Mono- und Diglyceriden von Speisefettsäuren, natürliches Bourbon-Vanillearoma, gemahlene extrahierte Vanilleschoten, färbende Konzentrate (Kürbis und Karotte), Stickstoff, Speisesalz. In Großbuchstaben angegebene Zutaten enthalten allergene Inhaltsstoffe."]},{"key":"Allergene:","value":["Kann Spuren enthalten von:Erdnüsse und daraus gewonnene Erzeugnisse, Schalenfrüchte und daraus gewonnene Erzeugnisse, Sojabohnen und daraus gewonnene Erzeugnisse","Enthält:Glutenhaltiges Getreide und daraus hergestellte Erzeugnisse, Milch und daraus gewonnene Erzeugnisse (inkl. Laktose)"]},{"key":"Identitätskennzeichen:","value":["DE BY-601 EG"]},{"key":"Kontakt:","value":["Danone GmbH","Technologiestraße 10, 1120 Wien, Österreich"]}],"nutritions":[{"key":"","value":"Unzubereitet"},{"key":" ","value":"100 g"},{"key":"Energie","value":"565 kJ | 135 kcal | 7 %"},{"key":"Fett","value":"6,3 g | 9 %"},{"key":"Fett, davon gesättigte Fettsäuren","value":"4,1 g | 21 %"},{"key":"Kohlenhydrate","value":"16,9 g | 7 %"},{"key":"Kohlenhydrate, davon Zucker","value":"14,8 g | 16 %"},{"key":"Eiweiß","value":"2,4 g | 5 %"},{"key":"Salz","value":"0,04 g | 2 %"}],"tags":[]},
    {"url":"https://www.interspar.at/shop/lebensmittel/p/7685118","data":[{"key":"price","value":"0,69 €"},{"key":"oldPrice","value":"\n\t\t\t\t\t\n\t\t\t\t\t \n\t\t\t\t"},{"key":"pricePerUnit","value":"(9.86 €/kg)"},{"key":"productDetailsName","value":"Exquisa - Käsekuchen Snack - 70 G"},{"key":"detailsDescription","value":"70 G"},{"key":"articleNumber","value":"Artikelnummer: 7685118"},{"key":"Lagerhinweis:","value":["Gekühlt lagern und nach dem Öffnen alsbald verzehren."]},{"key":"Zutaten:","value":["Zutaten: FRISCHKÄSE Magerstufe, Zucker, VOLLEI, HÜHNEREIWEISS, Palmfett, BUTTERMILCH, WEIZENMEHL, WEIZENSTÄRKE, Stärke, Reisquellmehl, SÜSSMOLKENPULVER, modifizierte Stärke, Feuchthaltemittel: Sorbit, Glycerin; Backtriebmittel Natriumcarbonate, Diphosphate; Salz, Säureregulator: Natriumacetate; Säuerungsmittel: Milchsäure, Emulgatoren: Mono- und Diglyceride von Speisefettsäuren, Polyglycerinester von Speisefettsäuren; natürliches Aroma. In Großbuchstaben angegebene Zutaten enthalten allergene Inhaltsstoffe."]},{"key":"Allergene:","value":["Kann Spuren enthalten von:Schalenfrüchte und daraus gewonnene Erzeugnisse","Enthält:Eier und daraus gewonnene Erzeugnisse, Glutenhaltiges Getreide und daraus hergestellte Erzeugnisse, Milch und daraus gewonnene Erzeugnisse (inkl. Laktose)"]},{"key":"","value":["ohne Zusatz von Konservierungsstoffen."]},{"key":"Kontakt:","value":["Karwendel","Karwendelstraße 6-16, 86807 Buchloe, Deutschland","www.exquisa.de"]}],"nutritions":[{"key":" ","value":"100 g"},{"key":"","value":"Unzubereitet"},{"key":"Energie","value":"1265 kJ | 301 kcal"},{"key":"Fett","value":"12 g"},{"key":"Fett, davon gesättigte Fettsäuren","value":"5,6 g"},{"key":"Kohlenhydrate","value":"41 g"},{"key":"Kohlenhydrate, davon Zucker","value":"29 g"},{"key":"Eiweiß","value":"7,5 g"},{"key":"Salz","value":"0,5 g"}],"tags":[]},
    {"url":"https://www.interspar.at/shop/lebensmittel/p/8093745","data":[{"key":"price","value":"3,49 €"},{"key":"oldPrice","value":"\n\t\t\t\t\t\n\t\t\t\t\t \n\t\t\t\t"},{"key":"pricePerUnit","value":"(17.45 €/kg)"},{"key":"productDetailsName","value":"Emmi - Raclette Classic Scheiben - 200 G"},{"key":"detailsDescription","value":"200 G"},{"key":"articleNumber","value":"Artikelnummer: 8093745"},{"key":"Lagerhinweis:","value":["Bei höchstens +6°C aufbewahren."]},{"key":"Zutaten:","value":["Zutaten: SCHNITTKÄSE. In Großbuchstaben angegebene Zutaten enthalten allergene Inhaltsstoffe."]},{"key":"Allergene:","value":["Enthält:Milch und daraus gewonnene Erzeugnisse (inkl. Laktose)"]},{"key":"Identitätskennzeichen:","value":["CH 2066"]},{"key":"Ursprungsland/Herkunftsort:","value":["Schweiz"]},{"key":"Kontakt:","value":["Emmi Österreich GmbH","Illweg 8, 6714 Nüziders, Österreich"]}],"nutritions":[{"key":"","value":"Unzubereitet"},{"key":" ","value":"100 g"},{"key":"Energie","value":"1441 kJ | 347 kcal"},{"key":"Fett","value":"27 g"},{"key":"Fett, davon gesättigte Fettsäuren","value":"16 g"},{"key":"Kohlenhydrate","value":"0,1 g"},{"key":"Kohlenhydrate, davon Zucker","value":"0,1 g"},{"key":"Eiweiß","value":"25 g"},{"key":"Salz","value":"2 g"}],"tags":["Gekühlt","Glutenfrei","Lactosefrei"]},
    {"url":"https://www.interspar.at/shop/lebensmittel/p/8168689","data":[{"key":"price","value":"2,29 €"},{"key":"oldPrice","value":"\n\t\t\t\t\t\n\t\t\t\t\t \n\t\t\t\t"},{"key":"pricePerUnit","value":"(4.58 €/kg)"},{"key":"productDetailsName","value":"SPAR Feine Küche - Gnocchi - 500 G"},{"key":"detailsDescription","value":"500 G"},{"key":"articleNumber","value":"Artikelnummer: 8168689"},{"key":"Lagerhinweis:","value":["Vor und nach dem Öffnen gekühlt bei max. 7°C lagern und nach dem Öffnen innerhalb eines Tages verbrauchen."]},{"key":"Zutaten:","value":["Zutaten: Wasser, Kartoffelflocken 14% (Kartoffeln, Curcuma), Kartoffelstärke 14%, WEIZENMEHL, EIER, Speisesalz unjodiert, Rapsöl. In Großbuchstaben angegebene Zutaten enthalten allergene Inhaltsstoffe."]},{"key":"Allergene:","value":["Kann Spuren enthalten von:Schwefeldioxid und Sulphite, Sojabohnen und daraus gewonnene Erzeugnisse","Enthält:Eier und daraus gewonnene Erzeugnisse, Glutenhaltiges Getreide und daraus hergestellte Erzeugnisse"]},{"key":"Zubereitung:","value":["Braten in FettGnocchi mit etwas Butter in einer Pfanne bei mittlerer Hitze goldbraun braten.","Simmern/KöchelnGnocchi in kochendes Wasser oder Suppe geben und 2 Minuten ziehen lassen."]},{"key":"Identitätskennzeichen:","value":["CH 224"]},{"key":"Kontakt:","value":["SPAR Österr. Warenhandels-AG","europastraße 3, 5015 Salzburg, Österreich"]}],"nutritions":[{"key":" ","value":"100 g"},{"key":"","value":"Unzubereitet"},{"key":"Energie","value":"607 kJ | 143 kcal"},{"key":"Fett","value":"1 g"},{"key":"Fett, davon gesättigte Fettsäuren","value":"0,2 g"},{"key":"Kohlenhydrate","value":"30 g"},{"key":"Kohlenhydrate, davon Zucker","value":"2,3 g"},{"key":"Ballaststoffe","value":"1,3 g"},{"key":"Eiweiß","value":"2,9 g"},{"key":"Salz","value":"1,4 g"},{"key":"Broteinheiten","value":"2,5 BE"},{"key":" ","value":"Portion (250 g)"},{"key":"","value":"Unzubereitet"},{"key":"Energie","value":"1517 kJ | 358 kcal | 18 %"},{"key":"Fett","value":"2,5 g | 4 %"},{"key":"Fett, davon gesättigte Fettsäuren","value":"0,5 g | 3 %"},{"key":"Kohlenhydrate","value":"75 g"},{"key":"Kohlenhydrate, davon Zucker","value":"5,8 g | 6 %"},{"key":"Ballaststoffe","value":"3,3 g"},{"key":"Eiweiß","value":"7,3 g"},{"key":"Salz","value":"3,5 g | 85 %"},{"key":"Broteinheiten","value":"6,3 BE"}],"tags":["Lactosefrei"]},
    {"url":"https://www.interspar.at/shop/lebensmittel/p/911474","data":[{"key":"price","value":"1,25 €"},{"key":"oldPrice","value":"\n\t\t\t\t\t\n\t\t\t\t\t \n\t\t\t\t"},{"key":"pricePerUnit","value":"(8.93 €/kg)"},{"key":"productDetailsName","value":"Ferrero - Milchschnitte 5 x 28g - 140 G"},{"key":"detailsDescription","value":"140 G"},{"key":"articleNumber","value":"Artikelnummer: 911474"},{"key":"Lagerhinweis:","value":["Im Kühlschrank aufbewahren."]},{"key":"Zutaten:","value":["Zutaten: frische VOLLMILCH (40%), Palmöl, Zucker, WEIZENMEHL, MAGERMILCHPULVER, Honig (5%), BUTTERREINFETT, VOLLEIPULVER, fettarmer Kakao, WEIZENKLEIE, Backtriebmittel: Dinatriumdiphosphat, Natriumhydrogencarbonat, Ammoniumcarbonat; Emulgator Mono- und Diglyceride von Speisefettsäuren, Salz, natürliche Aromen, Vanillin. In Großbuchstaben angegebene Zutaten enthalten allergene Inhaltsstoffe."]},{"key":"Allergene:","value":["Enthält:Eier und daraus gewonnene Erzeugnisse, Glutenhaltiges Getreide und daraus hergestellte Erzeugnisse, Milch und daraus gewonnene Erzeugnisse (inkl. Laktose)"]},{"key":"","value":["Ohne künstliche Farbstoffe, ohne Zusatz von Alkohol und Konservierungsstoffen"]},{"key":"Kontakt:","value":["Ferrero Österreich","Sterzinger Straße 1, 6020 Innsbruck, Österreich"]}],"nutritions":[{"key":"","value":"Unzubereitet"},{"key":" ","value":"100 g"},{"key":"Energie","value":"1754 kJ | 421 kcal"},{"key":"Fett","value":"27,9 g"},{"key":"Fett, davon gesättigte Fettsäuren","value":"16,6 g"},{"key":"Kohlenhydrate","value":"34 g"},{"key":"Kohlenhydrate, davon Zucker","value":"29,5 g"},{"key":"Eiweiß","value":"7,9 g"},{"key":"Salz","value":"0,61 g"},{"key":"","value":"Unzubereitet"},{"key":" ","value":"Portion (28 g)"},{"key":"Energie","value":"490 kJ | 118 kcal | 6 %"},{"key":"Fett","value":"7,8 g | 11 %"},{"key":"Fett, davon gesättigte Fettsäuren","value":"4,6 g | 23 %"},{"key":"Kohlenhydrate","value":"9,5 g | 4 %"},{"key":"Kohlenhydrate, davon Zucker","value":"8,3 g | 9 %"},{"key":"Eiweiß","value":"2,2 g | 4 %"},{"key":"Salz","value":"0,171 g | 3 %"}],"tags":["immer Billig"]},
    {"url":"https://www.interspar.at/shop/lebensmittel/p/1744583","data":[{"key":"price","value":"2,79 €"},{"key":"oldPrice","value":"\n\t\t\t\t\t\n\t\t\t\t\t \n\t\t\t\t"},{"key":"pricePerUnit","value":"(8.45 €/kg)"},{"key":"productDetailsName","value":"SPAR Feine Küche - Milchreisauflauf mit Beerenröster - 330 G"},{"key":"detailsDescription","value":"330 G"},{"key":"articleNumber","value":"Artikelnummer: 1744583"},{"key":"Lagerhinweis:","value":["Vor und nach dem Öffnen gekühlt lagern bei +2°C bis +5°C."]},{"key":"Zutaten:","value":["Zutaten: Wasser, Reis, schwarze und rote Johannisbeeren, Himbeeren, Brombeeren, Zucker, EIER, VOLLMILCHPULVER 6%, BUTTER, Gewürzextrakte, Maisstärke, Speisesalz (Speisesalz, Kaliumjodid), natürliches Aroma, Zimt. In Großbuchstaben angegebene Zutaten enthalten allergene Inhaltsstoffe."]},{"key":"Allergene:","value":["Enthält:Eier und daraus gewonnene Erzeugnisse, Milch und daraus gewonnene Erzeugnisse (inkl. Laktose)"]},{"key":"","value":["frei von Geschmacksverstärker"]},{"key":"","value":["Glutenfrei","Ohne Farbstoffe"]},{"key":"Zubereitung:","value":["Erhitzen und servierenIn einem Topf Wasser zum Kochen bringen und auf kleine Stufe zurückdrehen. Die geschlossene Schale im heißem Wasser ca. 15 Minuten ziehen lassen. Danach die Folie vorsichtig abziehen, anrichten und genießen.","Zubereitung in der MikrowellePackungsfolie mit einer Gabel mehrfach einstechen. Die geschlossene Schale ca. 3-4 Minuten erhitzen. Kurz ruhen lassen, die Folie abziehen, anrichten und genießen."]},{"key":"Identitätskennzeichen:","value":["AT 30733 EG"]},{"key":"Ursprungsland/Herkunftsort:","value":["hergestellt in Österreich"]},{"key":"Kontakt:","value":["SPAR Österr. Warenhandels-AG","Europastraße 3, 5015 Salzburg, Österreich"]}],"nutritions":[{"key":" ","value":"100 g"},{"key":"","value":"Unzubereitet"},{"key":"Energie","value":"691 kJ | 164 kcal"},{"key":"Fett","value":"5,1 g"},{"key":"Fett, davon gesättigte Fettsäuren","value":"2,8 g"},{"key":"Kohlenhydrate","value":"25 g"},{"key":"Kohlenhydrate, davon Zucker","value":"15 g"},{"key":"Ballaststoffe","value":"0,9 g"},{"key":"Eiweiß","value":"4,1 g"},{"key":"Salz","value":"0,23 g"},{"key":"Broteinheiten","value":"2,1 BE"},{"key":" ","value":"Portion (330 g)"},{"key":"","value":"Unzubereitet"},{"key":"Energie","value":"2280 kJ | 541 kcal | 28 %"},{"key":"Fett","value":"17 g | 24 %"},{"key":"Fett, davon gesättigte Fettsäuren","value":"9,2 g | 46 %"},{"key":"Kohlenhydrate","value":"83 g"},{"key":"Kohlenhydrate, davon Zucker","value":"550 g | 55 %"},{"key":"Ballaststoffe","value":"3 g"},{"key":"Eiweiß","value":"14 g"},{"key":"Salz","value":"0,76 g | 13 %"},{"key":"Broteinheiten","value":"6,9 BE"}],"tags":["Glutenfrei"]},
    {"url":"https://www.interspar.at/shop/lebensmittel/p/2020000747253","data":[{"key":"price","value":"3,99 €"},{"key":"oldPrice","value":"\n\t\t\t\t\t\n\t\t\t\t\t \n\t\t\t\t"},{"key":"pricePerUnit","value":"(10.50 €/kg)"},{"key":"productDetailsName","value":"Küchenbrüder - Veganes Bio Thai Curry - 380 G"},{"key":"detailsDescription","value":"380 G"},{"key":"articleNumber","value":"Artikelnummer: 2020000747253"},{"key":"Lagerhinweis:","value":["Bei max. +7°C lagern. Nach dem Öffnen im Kühlschrank aufbewahren und binnen 2 Tagen verzehren."]},{"key":"Zutaten:","value":["Zutaten: Wasser, Zwiebeln*, Reis*(8%), Lauch*(5%), Aubergine*, Zucchini*, Sonnenblumenöl*, Paprika*(3%), Kokosmilch*(2%)(Kokosnusskern*(57%), Wasser), Orangensaft*, Maisstärke*, Rohrzucker*, Meersalz, Limettensaft*, Gewürze*(0,4%). *aus kontrolliert ökologischem Anbau."]},{"key":"","value":["ohne Zusätze - keine Schweinereien!"]},{"key":"","value":["Laktosefrei","Glutenfrei"]},{"key":"Zubereitung:","value":["Erhitzen und servierenIm Topf: Unter ständigem Umrühren langsam erhitzen.","Zubereitung in der MikrowelleZur Erhitzung den Deckel öffnen und locker auf den Becher legen. Bei ca. 600 Watt 5 Min. erhitzen."]},{"key":"Bio-Kontrollstelle:","value":["DE-ÖKO-006"]},{"key":"Ökoherkunft:","value":["EU-/Nicht-EU-Landwirtschaft"]},{"key":"Verbrauchen nach dem Öffnen:","value":["2 Tage"]},{"key":"Verwendungshinweis:","value":["Öffnen - Am Rand des Bechers befindet sich eine Lasche, diese aufbrechen und den Deckel vorsichtig abnehmen.Achtung. Becher wird heiß!"]},{"key":"Kontakt:","value":["Tress Lebensmittel GmbH & Co.KG","Aichelauer Straße 6, 72534 Hayingen, Deutschland"]}],"nutritions":[{"key":"","value":"Unzubereitet"},{"key":" ","value":"100 g"},{"key":"Energie","value":"417 kJ | 100 kcal"},{"key":"Fett","value":"5,8 g"},{"key":"Fett, davon gesättigte Fettsäuren","value":"1,2 g"},{"key":"Kohlenhydrate","value":"10,4 g"},{"key":"Kohlenhydrate, davon Zucker","value":"1,4 g"},{"key":"Eiweiß","value":"1,2 g"},{"key":"Salz","value":"1,1 g"}],"tags":["Bio","Vegan","Glutenfrei","Lactosefrei"]},
    {"url":"https://www.interspar.at/shop/lebensmittel/p/2020001296361","data":[{"key":"price","value":"3,39 €"},{"key":"oldPrice","value":"\n\t\t\t\t\t\n\t\t\t\t\t \n\t\t\t\t"},{"key":"pricePerUnit","value":"(19.37 €/kg)"},{"key":"productDetailsName","value":"Veganz - Gourmet-Streifen Chili - 175 G"},{"key":"detailsDescription","value":"175 G"},{"key":"articleNumber","value":"Artikelnummer: 2020001296361"},{"key":"Lagerhinweis:","value":["Gekühlt, bei max. +7°C lagern."]},{"key":"Zutaten:","value":["Zutaten: rehydriertes SOJAPROTEIN (85%), Sonnenblumenöl, Gewürzextrakt, Aromen (enthält WEIZEN), Erbsenfasern, Salz, Gewürze und Kräuter (Pfeffer schwarz, Cayennepfeffer, Chilipulver (1%), Zitronengras, Thymian), Zucker, Zwiebeln, Zitronenschale, Paprika edelsüß, Branntweinessig, Hefeextrakt, Zitronensaft.In Großbuchstaben angegebene Zutaten enthalten allergene Inhaltsstoffe."]},{"key":"Allergene:","value":["Kann Spuren enthalten von:Eier und daraus gewonnene Erzeugnisse, Lupinen und daraus gewonnene Erzeugnisse, Milch und daraus gewonnene Erzeugnisse (inkl. Laktose)","Enthält:Glutenhaltiges Getreide und daraus hergestellte Erzeugnisse, Sojabohnen und daraus gewonnene Erzeugnisse"]},{"key":"Zubereitung:","value":["Braten mit wenig FettDie Gourmet-Streifen ganz einfach in einer Pfanne mit Öl bei mittlerer Hitze ca. 4 Minuten anbraten, bis sie leicht knusprig sind."]},{"key":"Kontakt:","value":["Veganz Wholesale Gmbh & Co KG","Warschauer Straße 32, 10243 Berlin, Deutschland","+49 3029 36 378 10","christina.hammerschmid@veganz.de"]}],"nutritions":[{"key":"","value":"Unzubereitet"},{"key":" ","value":"100 g"},{"key":"Energie","value":"760 kJ | 182 kcal"},{"key":"Fett","value":"8,3 g"},{"key":"Fett, davon gesättigte Fettsäuren","value":"1,3 g"},{"key":"Kohlenhydrate","value":"6,5 g"},{"key":"Kohlenhydrate, davon Zucker","value":"1 g"},{"key":"Ballaststoffe","value":"0 g"},{"key":"Eiweiß","value":"18 g"},{"key":"Salz","value":"1,6 g"},{"key":"Broteinheiten","value":"0,5 BE"}],"tags":["Vegan"]},
    {"url":"https://www.interspar.at/shop/lebensmittel/p/2020001720392","data":[{"key":"price","value":"2,69 €"},{"key":"oldPrice","value":"\n\t\t\t\t\t\n\t\t\t\t\t \n\t\t\t\t"},{"key":"pricePerUnit","value":"(17.93 €/kg)"},{"key":"productDetailsName","value":"Patros - Kräuter & Knoblauch - 150 G"},{"key":"detailsDescription","value":"150 G"},{"key":"articleNumber","value":"Artikelnummer: 2020001720392"},{"key":"Zutaten:","value":["Zutaten: KÄSE in Salzlake gereift (52% Fett i.Tr.), Trinkwasser, Kräuter (2,1%), Knoblauch, Speisesalz, Verdickungsmittel Johannisbrotkernmehl, Branntweinessig, Thymianöl, Knoblauchöl."]},{"key":"Allergene:","value":["Enthält:Milch und daraus gewonnene Erzeugnisse (inkl. Laktose)"]},{"key":"Zubereitung:","value":["BackenFolie entfernen, Produkt mit Zutaten nach oben in die Aluschale geben &für ca. 10 min auf dem Grill oder im Ofen (auf mittlerer Schiene bei ca.220°C Umluft) zubereiten."]}],"nutritions":[{"key":"","value":"Unzubereitet"},{"key":"Energie","value":"1054 kJ | 254 kcal"},{"key":"Fett","value":"21,7 g"},{"key":"Fett, davon gesättigte Fettsäuren","value":"15,1 g"},{"key":"Kohlenhydrate","value":"1,1 g"},{"key":"Kohlenhydrate, davon Zucker","value":"0,9 g"},{"key":"Ballaststoffe","value":"0 g"},{"key":"Eiweiß","value":"13,6 g"},{"key":"Salz","value":"3 g"},{"key":"Broteinheiten","value":"0,1 BE"}],"tags":["Gekühlt"]},
    {"url":"https://www.interspar.at/shop/lebensmittel/p/2020001722471","data":[{"key":"price","value":"3,19 €"},{"key":"oldPrice","value":"\n\t\t\t\t\t\n\t\t\t\t\t \n\t\t\t\t"},{"key":"pricePerUnit","value":"(15.95 €/kg)"},{"key":"productDetailsName","value":"Alambra - Halloumi in Scheiben - 200 G"},{"key":"detailsDescription","value":"200 G"},{"key":"articleNumber","value":"Artikelnummer: 2020001722471"},{"key":"Lagerhinweis:","value":["Gekühlt bei +2 bis +6°C.  Geöffnete Packung gekühlt lagern."]},{"key":"Zutaten:","value":["Zutaten: KUHMILCH (maximal 80%), SCHAF- und ZIEGENMILCH (20%), Speisesalz, Lab, Minze. In Großbuchstaben angegebene Zutaten enthalten allergene Inhaltsstoffe."]},{"key":"Allergene:","value":["Enthält:Milch und daraus gewonnene Erzeugnisse (inkl. Laktose)"]},{"key":"Identitätskennzeichen:","value":["CY 022 EK"]},{"key":"Verwendungshinweis:","value":["Geöffnete Packung innerhalb von 3-4 Tagen aufbrauchen."]},{"key":"Kontakt:","value":["Concept Fresh Vertriebsgesellschaft mbH","A - 4055 Pucking"]}],"nutritions":[{"key":"","value":"Unzubereitet"},{"key":"Energie","value":"1331 kJ | 321 kcal"},{"key":"Fett","value":"25 g"},{"key":"Fett, davon gesättigte Fettsäuren","value":"16 g"},{"key":"Kohlenhydrate","value":"1,9 g"},{"key":"Kohlenhydrate, davon Zucker","value":"1,6 g"},{"key":"Eiweiß","value":"22 g"},{"key":"Salz","value":"2,6 g"}],"tags":["Gekühlt"]},
    {"url":"https://www.interspar.at/shop/lebensmittel/p/2020001737482","data":[{"key":"price","value":"2,49 €"},{"key":"oldPrice","value":"\n\t\t\t\t\t\n\t\t\t\t\t \n\t\t\t\t"},{"key":"pricePerUnit","value":"(16.60 €/kg)"},{"key":"productDetailsName","value":"Kolios - Grillfeta mit Tomate & Basilikum - 150 G"},{"key":"detailsDescription","value":"150 G"},{"key":"articleNumber","value":"Artikelnummer: 2020001737482"},{"key":"Lagerhinweis:","value":["Bei +2°C - +6°C (max 7°C)"]},{"key":"Zutaten:","value":["Zutaten: Feta geschützte Ursprungsbezeichnung (g.U.) Käse 93% (Pasteurisierte SCHAF- und ZIEGENMILCH, Salz, Kultur, mikrobielles Lab. Fett i.Tr. min 45%), Gewürzmischung (Tomate 3,15%, Trinkwasser, Basilikum 0,7%, Salz, Gewürze, Konservierungsstoff: Kaliumsorbat, natürlisches Aroma, Essig, Verdickungsmittel: Xanthan gum) In Großbuchstaben angegebene Zutaten enthalten allergene Inhaltsstoffe."]},{"key":"Allergene:","value":["Enthält:Milch und daraus gewonnene Erzeugnisse (inkl. Laktose)"]},{"key":"Zubereitung:","value":["Grillen/Braten mit OberhitzeUmverpackung entfernen, Folie entfernen und Feta mit Zutaten nach oben in die Alusschale legen. Auf dem Grill oder im Ofen für ca. 10 min zubereiten."]},{"key":"Kontakt:","value":["KOLIOS S.A.","Limnotopos Kilkis Greece/Griechenland"]}],"nutritions":[{"key":"","value":"Unzubereitet"},{"key":"Energie","value":"1075 kJ | 260 kcal"},{"key":"Fett","value":"21,5 g"},{"key":"Fett, davon gesättigte Fettsäuren","value":"14,9 g"},{"key":"Kohlenhydrate","value":"1,3 g"},{"key":"Kohlenhydrate, davon Zucker","value":"0,7 g"},{"key":"Eiweiß","value":"15 g"},{"key":"Salz","value":"2,47 g"},{"key":"","value":"Unzubereitet"},{"key":"Energie","value":"78 kJ | 322 kcal | 4 %"},{"key":"Fett","value":"6,4 g | 9 %"},{"key":"Fett, davon gesättigte Fettsäuren","value":"4,5 g | 24 %"},{"key":"Kohlenhydrate","value":"0,4 g | 1 %"},{"key":"Kohlenhydrate, davon Zucker","value":"0,2 g | 1 %"},{"key":"Eiweiß","value":"4,5 g | 9 %"},{"key":"Salz","value":"0,74 g | 12 %"}],"tags":["Gekühlt"]},
    {"url":"https://www.interspar.at/shop/lebensmittel/p/2020001742783","data":[{"key":"price","value":"2,99 €"},{"key":"oldPrice","value":"\n\t\t\t\t\t\n\t\t\t\t\t \n\t\t\t\t"},{"key":"pricePerUnit","value":"(14.95 €/kg)"},{"key":"productDetailsName","value":"Taverna - Halloumi Burger Scheiben - 200 G"},{"key":"detailsDescription","value":"200 G"},{"key":"articleNumber","value":"Artikelnummer: 2020001742783"},{"key":"Lagerhinweis:","value":["Gekühlt lagern bei 2-6°C. Geöffnet max. 3 Tage im Kühlschrank lagern."]},{"key":"Zutaten:","value":["Zutaten: Pasteurisierte MILCH (Mischung aus Kuh-, Ziegen- und Schafmilch), Salz, gehackte Minze, Lab (mikrobiell).In Großbuchstaben angegebene Zutaten enthalten allergene Inhaltsstoffe."]},{"key":"Allergene:","value":["Enthält:Milch und daraus gewonnene Erzeugnisse (inkl. Laktose)"]},{"key":"Zubereitung:","value":["Grillen mit direkter HitzeMan kann ihn entweder roh oder auch gegrillt bzw. gebraten genießen."]},{"key":"Verbrauchen nach dem Öffnen:","value":["3 Tage"]},{"key":"Kontakt:","value":["Nordex Food A/S","Dronninglund, Dänemark","www.taverna.eu"]}],"nutritions":[{"key":"","value":"Unzubereitet"},{"key":" ","value":"100 g"},{"key":"Energie","value":"1318 kJ | 317 kcal"},{"key":"Fett","value":"24,6 g"},{"key":"Fett, davon gesättigte Fettsäuren","value":"14,8 g"},{"key":"Kohlenhydrate","value":"2,1 g"},{"key":"Kohlenhydrate, davon Zucker","value":"2,1 g"},{"key":"Eiweiß","value":"21,9 g"},{"key":"Salz","value":"3 g"}],"tags":[]},
    {"url":"https://www.interspar.at/shop/lebensmittel/p/5096244","data":[{"key":"price","value":"3,19 €"},{"key":"oldPrice","value":"\n\t\t\t\t\t\n\t\t\t\t\t \n\t\t\t\t"},{"key":"pricePerUnit","value":"(12.76 €/kg)"},{"key":"productDetailsName","value":"Petrou - Halloumi Classic - 250 G"},{"key":"detailsDescription","value":"250 G"},{"key":"articleNumber","value":"Artikelnummer: 5096244"},{"key":"Lagerhinweis:","value":["gekühlt bei +2 - +6°C"]},{"key":"Zutaten:","value":["Zutaten: KUHMILCH (maximal 80%), SCHAF- und ZIEGENMILCH (20%); Speisesalz, Lab, Minze. Der Anteil an Schaf- und Ziegenmilch kann saisonbedingt schwanken. In Großbuchstaben angegebene Zutaten enthalten allergene Inhaltsstoffe."]},{"key":"Allergene:","value":["Enthält:Milch und daraus gewonnene Erzeugnisse (inkl. Laktose)"]},{"key":"Zubereitung:","value":["Grillen mit direkter HitzeDen Käse in ca. 1,5 cm dicke Scheiben schneiden, leicht einölen und auf den Grill legen. Wenden Sie den Käse, sobald die Unterseite gold-braun wie ein Steak aussieht.","Braten in FettDen Käse in 1 cm dicke Scheiben schneiden. In der Pfanne mit heißem Öl von beiden Seiten anbraten, bis er eine Gold-braune Farbe bekommt."]},{"key":"Identitätskennzeichen:","value":["CY 0022 EK"]},{"key":"Verbrauchen nach dem Öffnen:","value":["4 Tage"]},{"key":"Verwendungshinweis:","value":["innerhalb von 3-4 Tagen aufbrauchen."]},{"key":"Kontakt:","value":["Petrou Bros Dairy Products ltd.","Emporiou Avenue 25 6303 Larnaka, Zypern"]}],"nutritions":[{"key":"","value":"Unzubereitet"},{"key":" ","value":"100 g"},{"key":"Energie","value":"1331 kJ | 321 kcal"},{"key":"Fett","value":"25 g"},{"key":"Fett, davon gesättigte Fettsäuren","value":"16 g"},{"key":"Kohlenhydrate","value":"1,9 g"},{"key":"Kohlenhydrate, davon Zucker","value":"1,6 g"},{"key":"Eiweiß","value":"22 g"},{"key":"Salz","value":"2,6 g"}],"tags":["Glutenfrei"]},
    {"url":"https://www.interspar.at/shop/lebensmittel/p/6343750","data":[{"key":"price","value":"1,19 €"},{"key":"oldPrice","value":"\n\t\t\t\t\t\n\t\t\t\t\tstatt 1,79 €\n\t\t\t\t"},{"key":"pricePerUnit","value":"(4.76 €/kg)"},{"key":"productDetailsName","value":"SPAR Feine Küche - Tortelloni mit Rindfleischfüllung - 250 G"},{"key":"detailsDescription","value":"250 G"},{"key":"articleNumber","value":"Artikelnummer: 6343750"},{"key":"Lagerhinweis:","value":["Vor und nach dem Öffnen bei 3°C bis 7 °C lagern und nach dem Öffnen innerhalb eines Tages verbrauchen."]},{"key":"Zutaten:","value":["Zutaten: Teig 76% (HARTWEIZENGRIESS, Wasser, EIER* 2%, Speisesalz unjodiert), Füllung 24% (Rindfleisch 13%, Wasser, Tomatenmarkkonzentrat, WEIZENMEHL, Speisesalz unjodiert, DINKELSCHROT, Karotten, Gewürze, Kräuter, Rapsöl). *aus Bodenhaltung. In Großbuchstaben angegebene Zutaten enthalten allergene Inhaltsstoffe."]},{"key":"Allergene:","value":["Kann Spuren enthalten von:Sojabohnen und daraus gewonnene Erzeugnisse","Enthält:Eier und daraus gewonnene Erzeugnisse, Glutenhaltiges Getreide und daraus hergestellte Erzeugnisse"]},{"key":"Zubereitung:","value":["Sieden in kochender FlüssigkeitTeigwaren in kochendes, gesalzenes Wasser geben, Hitze reduzieren und 2 Minuten ziehen lassen."]},{"key":"Identitätskennzeichen:","value":["CH 224"]},{"key":"Ursprungsland/Herkunftsort:","value":["Sorgfältig hergestellt in Liechtenstein"]},{"key":"Kontakt:","value":["SPAR Österr. Warenhandels-AG","Europastraße 3, 5015 Salzburg, Österreich"]}],"nutritions":[{"key":" ","value":"100 g"},{"key":"","value":"Unzubereitet"},{"key":"Energie","value":"777 kJ | 184 kcal"},{"key":"Fett","value":"3,6 g"},{"key":"Fett, davon gesättigte Fettsäuren","value":"1,3 g"},{"key":"Kohlenhydrate","value":"29 g"},{"key":"Kohlenhydrate, davon Zucker","value":"1,9 g"},{"key":"Ballaststoffe","value":"1,8 g"},{"key":"Eiweiß","value":"8 g"},{"key":"Salz","value":"1,5 g"},{"key":"Broteinheiten","value":"2,4 BE"},{"key":" ","value":"Portion (125 g)"},{"key":"","value":"Unzubereitet"},{"key":"Energie","value":"971 kJ | 230 kcal"},{"key":"Fett","value":"4,5 g"},{"key":"Fett, davon gesättigte Fettsäuren","value":"1,6 g"},{"key":"Kohlenhydrate","value":"36 g"},{"key":"Kohlenhydrate, davon Zucker","value":"2,4 g"},{"key":"Ballaststoffe","value":"2,3 g"},{"key":"Eiweiß","value":"10 g"},{"key":"Salz","value":"1,9 g"},{"key":"Broteinheiten","value":"3 BE"}],"tags":["Lactosefrei"]},
    {"url":"https://www.interspar.at/shop/lebensmittel/p/6343804","data":[{"key":"price","value":"1,19 €"},{"key":"oldPrice","value":"\n\t\t\t\t\t\n\t\t\t\t\tstatt 1,79 €\n\t\t\t\t"},{"key":"pricePerUnit","value":"(4.76 €/kg)"},{"key":"productDetailsName","value":"SPAR Feine Küche - Tortelloni mit Ricotta- & Spinatfüllung - 250 G"},{"key":"detailsDescription","value":"250 G"},{"key":"articleNumber","value":"Artikelnummer: 6343804"},{"key":"Lagerhinweis:","value":["Vor und nach dem Öffnen bei 3°C bis 7°C lagern und nach dem Öffnen innerhalb eines Tages verbrauchen."]},{"key":"Zutaten:","value":["Zutaten: Teig 76% (HARTWEIZENGRIESS, Wasser, EIER* 2%, Speisesalz unjodiert), Füllung 24% (Wasser, Spinat 8%, RICOTTA 5% (MOLKENEIWEISSKÄSE), KÄSE, WEIZENMEHL, Speisesalz unjodiert, Rapsöl, HARTWEIZENGRIESS, Aroma (enthält MILCHERZEUGNIS), Kartoffelstärke, Reismehl, Gewürze, Zucker, VOLLMILCHPULVER, Zitronensaftkonzentrat, Gewürzextrakte). *aus Bodenhaltung. In Großbuchstaben angegebene Zutaten enthalten allergene Inhaltsstoffe."]},{"key":"Allergene:","value":["Kann Spuren enthalten von:Sojabohnen und daraus gewonnene Erzeugnisse","Enthält:Eier und daraus gewonnene Erzeugnisse, Glutenhaltiges Getreide und daraus hergestellte Erzeugnisse, Milch und daraus gewonnene Erzeugnisse (inkl. Laktose)"]},{"key":"Zubereitung:","value":["Sieden in kochender FlüssigkeitTeigwaren in kochendes, gesalzenes Wasser geben, Hitze reduzieren und 2 Minuten ziehen lassen."]},{"key":"Identitätskennzeichen:","value":["CH 224"]},{"key":"Ursprungsland/Herkunftsort:","value":["Sorgfältig hergestellt in Liechtenstein"]},{"key":"Kontakt:","value":["SPAR Österr. Warenhandels-AG","Europastraße 3, 5015 Salzburg, Österreich"]}],"nutritions":[{"key":" ","value":"100 g"},{"key":"","value":"Unzubereitet"},{"key":"Energie","value":"761 kJ | 180 kcal"},{"key":"Fett","value":"2,6 g"},{"key":"Fett, davon gesättigte Fettsäuren","value":"1 g"},{"key":"Kohlenhydrate","value":"30 g"},{"key":"Kohlenhydrate, davon Zucker","value":"0,7 g"},{"key":"Ballaststoffe","value":"1,9 g"},{"key":"Eiweiß","value":"8,2 g"},{"key":"Salz","value":"1,1 g"},{"key":"Broteinheiten","value":"2,5 BE"},{"key":" ","value":"Portion (125 g)"},{"key":"","value":"Unzubereitet"},{"key":"Energie","value":"957 kJ | 227 kcal"},{"key":"Fett","value":"3,3 g"},{"key":"Fett, davon gesättigte Fettsäuren","value":"1,3 g"},{"key":"Kohlenhydrate","value":"38 g"},{"key":"Kohlenhydrate, davon Zucker","value":"0,9 g"},{"key":"Ballaststoffe","value":"2,4 g"},{"key":"Eiweiß","value":"10 g"},{"key":"Salz","value":"1,4 g"},{"key":"Broteinheiten","value":"3,1 BE"}],"tags":[]},
    {"url":"https://www.interspar.at/shop/lebensmittel/p/1422290","data":[{"key":"price","value":"1,99 €"},{"key":"oldPrice","value":"\n\t\t\t\t\t\n\t\t\t\t\t \n\t\t\t\t"},{"key":"pricePerUnit","value":"(11.71 €/kg)"},{"key":"productDetailsName","value":"SPAR enjoy - Thunfisch Sandwich - 170 G"},{"key":"detailsDescription","value":"170 G"},{"key":"articleNumber","value":"Artikelnummer: 1422290"},{"key":"Lagerhinweis:","value":["Vor und nach dem Öffnen kühl bei +2°C - +7°C lagern. Nach dem Öffnen am selben Tag genießen."]},{"key":"Zutaten:","value":["Zutaten: Dunkles Weizenbrot (WEIZENMEHL, Trinkwasser, Leinsamen, Sonnenblumenkerne, Hirse, Buchweizen, Speisesalz unjodiert, Hefe, geröstetes GERSTENMALZMEHL, Sonnenblumenöl, ROGGENQUELLMEHL, WEIZENGLUTEN, Säuerungsmittel: Essigsäure, Emulgator: Mono- und Diglyceride von Speisefettsäuren, SOJAMEHL, Zucker), 20% Thunfischfiletstücke (THUNFISCH, Sonnenblumenöl, Speisesalz unjodiert), Thunfischcreme (Rapsöl, 15% THUNFISCH, Trinkwasser, SCHLAGOBERS 32% Fett, SPEISETOPFEN 10% F.i.T., Zucker, Gewürze, Zwiebel, Weingeistessig, MAGERMILCH, Speisegelatine, Kapern, SENFKORN, Petersilie, Speisesalz unjodiert, modifizierte Stärke, EIGELB, Säuerungsmittel: Milchsäure, Konservierungsstoff: Kaliumsorbat, Säureregulatoren: Natriumacetat, Natriumcarbonat; Verdickungsmittel: Johannisbrotkernmehl, Xanthan, Guarkernmehl; Farbstoff: Einfaches Zuckerkulör), 2% Oliven (Oliven, Stabilisator: Eisengluconat), Rucola. In Großbuchstaben angegebene Zutaten enthalten allergene Inhaltsstoffe."]},{"key":"Allergene:","value":["Enthält:Eier und daraus gewonnene Erzeugnisse, Fische und daraus gewonnene Erzeugnisse, Glutenhaltiges Getreide und daraus hergestellte Erzeugnisse, Milch und daraus gewonnene Erzeugnisse (inkl. Laktose), Senf und daraus gewonnene Erzeugnisse, Sojabohnen und daraus gewonnene Erzeugnisse"]},{"key":"Ursprungsland/Herkunftsort:","value":["Sorgfältig hergestellt in Österreich"]},{"key":"Verbrauchen nach dem Öffnen:","value":["1 Tage"]},{"key":"Kontakt:","value":["SPAR Österr. Warenhandels-AG","Europastraße 3, 5015 Salzburg, Österreich"]}],"nutritions":[{"key":"","value":"Unzubereitet"},{"key":" ","value":"100 g"},{"key":"Energie","value":"1099 kJ | 263 kcal"},{"key":"Fett","value":"13 g"},{"key":"Fett, davon gesättigte Fettsäuren","value":"1,8 g"},{"key":"Kohlenhydrate","value":"24 g"},{"key":"Kohlenhydrate, davon Zucker","value":"2,8 g"},{"key":"Ballaststoffe","value":"0,8 g"},{"key":"Eiweiß","value":"12 g"},{"key":"Salz","value":"1,5 g"},{"key":"Broteinheiten","value":"2 BE"}],"tags":[]},
    {"url":"https://www.interspar.at/shop/lebensmittel/p/1422337","data":[{"key":"price","value":"1,99 €"},{"key":"oldPrice","value":"\n\t\t\t\t\t\n\t\t\t\t\t \n\t\t\t\t"},{"key":"pricePerUnit","value":"(11.71 €/kg)"},{"key":"productDetailsName","value":"SPAR enjoy - Schinken-Käse Sandwich - 170 G"},{"key":"detailsDescription","value":"170 G"},{"key":"articleNumber","value":"Artikelnummer: 1422337"},{"key":"Lagerhinweis:","value":["Vor und nach dem Öffnen bei +2°C - +7°C lagern. Nach dem Öffnen am selben Tag genießen."]},{"key":"Zutaten:","value":["Zutaten: Weizenbrot (WEIZENMEHL, Trinkwasser, Speisesalz, Margarine (Palmfett, Rapsöl, Kokosöl, Sonnenblumenöl, Trinkwasser, Emulgator: Mono- und Diglyceride von Speisefettsäuren), WEIZENGLUTEN, Hefe, Zucker, ROGGENMEHL, Säuerungsmittel: Essigsäure, Milchsäure; SOJAMEHL), Sandwichcreme (Rapsöl, Trinkwasser, SCHLAGOBERS 32% Fett, SPEISETOPFEN 10% F.i.T., Zucker, Gewürze, Speisesalz, MAGERMILCH, Petersilie, Weingeistessig, SENFKORN, modifizierte Stärke*, Verdickungsmittel: Johannisbrotkernmehl, Xanthan, Guarkernmehl; Säureregulatoren: Natriumacetat, Natriumcarbonat; Säuerungsmittel: Milchsäure), 15% Schinken (Schweinefleisch, Trinkwasser, Nitritpökelsalz (Speisesalz, Konservierungsstoff: Natriumnitrit), Dextrose, Stabilisator: Diphosphate, Antioxidationsmittel: Natriumascorbat, Gewürzextrakte), 10% Edamer 40% F.i.T. (MILCH, Speisesalz, Farbstoff: Beta-Carotin), 8% Tomate, Rucola. *aus Mais und Kartoffeln. In Großbuchstaben angegebene Zutaten enthalten allergene Inhaltsstoffe."]},{"key":"Allergene:","value":["Enthält:Glutenhaltiges Getreide und daraus hergestellte Erzeugnisse, Milch und daraus gewonnene Erzeugnisse (inkl. Laktose), Senf und daraus gewonnene Erzeugnisse, Sojabohnen und daraus gewonnene Erzeugnisse"]},{"key":"Ursprungsland/Herkunftsort:","value":["Sorgfältig hergestellt in Österreich"]},{"key":"Kontakt:","value":["SPAR Österr. Warenhandels-AG","Europastraße 3, 5015 Salzburg, Österreich"]}],"nutritions":[{"key":"","value":"Unzubereitet"},{"key":" ","value":"100 g"},{"key":"Energie","value":"927 kJ | 232 kcal"},{"key":"Fett","value":"10 g"},{"key":"Fett, davon gesättigte Fettsäuren","value":"3,6 g"},{"key":"Kohlenhydrate","value":"24 g"},{"key":"Kohlenhydrate, davon Zucker","value":"2,6 g"},{"key":"Ballaststoffe","value":"0,9 g"},{"key":"Eiweiß","value":"11 g"},{"key":"Salz","value":"1,3 g"},{"key":"Broteinheiten","value":"2 BE"}],"tags":[]},
    {"url":"https://www.interspar.at/shop/lebensmittel/p/1422436","data":[{"key":"price","value":"1,99 €"},{"key":"oldPrice","value":"\n\t\t\t\t\t\n\t\t\t\t\t \n\t\t\t\t"},{"key":"pricePerUnit","value":"(11.71 €/kg)"},{"key":"productDetailsName","value":"SPAR enjoy - Putenschinken Sandwich - 170 G"},{"key":"detailsDescription","value":"170 G"},{"key":"articleNumber","value":"Artikelnummer: 1422436"},{"key":"Lagerhinweis:","value":["Vor und nach dem Öffnen gekühlt lagern bei: +2°C - +6°C. Nach dem Öffnen am selben Tag genießen."]},{"key":"Zutaten:","value":["Zutaten: Dunkles Weizenbrot (WEIZENMEHL, Wasser, VOLLKORNWEIZENMEHL, Salz unjodiert, WEIZENGLUTEN, Hefe, ROGGENQUELLMEHL, Emulgator: Mono- und Diglyceride von Speisefettsäuren, SOJAMEHL, MOLKENPULVER, Säuerungsmittel: Essigsäure, Gewürze), 23% geräucherter Putenschinken [Putenfleisch, Wasser, getrockneter Glukosesirup, Stabilisator: Triphosphate, Gewürzextrakte, Nitritpökelsalz (Salz unjodiert, Konservierungsstoff: Natriumnitrit), Buchenholzrauch], Kräuterfrischkäsezubereitung (FRISCHKÄSE 70% F.i.T., BUTTER, SPEISETOPFEN 10% F.i.T., SAUERRAHM 15% Fett, Salz unjodiert, Kräutermischung (Petersilie, Schnittlauch, Basilikum), Antioxidationsmittel: Ascorbinsäure; Gewürze, Konservierungsstoff: Kaliumsorbat; Verdickungsmittel: Guarkernmehl; Speisegelatine), 8% Tomaten, 6% EIER, Rucola. In Großbuchstaben angegebene Zutaten enthalten allergene Inhaltsstoffe."]},{"key":"Allergene:","value":["Enthält:Eier und daraus gewonnene Erzeugnisse, Glutenhaltiges Getreide und daraus hergestellte Erzeugnisse, Milch und daraus gewonnene Erzeugnisse (inkl. Laktose), Sojabohnen und daraus gewonnene Erzeugnisse"]},{"key":"Ursprungsland/Herkunftsort:","value":["Sorgfältig hergestellt in Österreich"]},{"key":"Kontakt:","value":["SPAR Österr. Warenhandels-AG","Europastraße 3, 5015 Salzburg, Österreich"]}],"nutritions":[{"key":" ","value":"100 g"},{"key":"","value":"Unzubereitet"},{"key":"Energie","value":"839 kJ | 200 kcal"},{"key":"Fett","value":"8,4 g"},{"key":"Fett, davon gesättigte Fettsäuren","value":"4,8 g"},{"key":"Kohlenhydrate","value":"20 g"},{"key":"Kohlenhydrate, davon Zucker","value":"1,4 g"},{"key":"Ballaststoffe","value":"2,3 g"},{"key":"Eiweiß","value":"10 g"},{"key":"Salz","value":"1,3 g"},{"key":"Broteinheiten","value":"1,7 BE"}],"tags":[]},
    {"url":"https://www.interspar.at/shop/lebensmittel/p/1457186","data":[{"key":"price","value":"1,99 €"},{"key":"oldPrice","value":"\n\t\t\t\t\t\n\t\t\t\t\t \n\t\t\t\t"},{"key":"pricePerUnit","value":"(11.71 €/kg)"},{"key":"productDetailsName","value":"SPAR enjoy - Huhn-Curry Sandwich - 170 G"},{"key":"detailsDescription","value":"170 G"},{"key":"articleNumber","value":"Artikelnummer: 1457186"},{"key":"Lagerhinweis:","value":["Vor und nach dem Öffnen gekühlt bei +2°C - +7°C lagern. Nach dem Öffnen am selben Tag genießen."]},{"key":"Zutaten:","value":["Zutaten: Weizenbrot [WEIZENMEHL, Trinkwasser, Speisesalz, Margarine (Palmfett, Rapsöl, Kokosöl, Sonnenblumenöl, Trinkwasser, Emulgator: Mono- und Diglyceride von Speisefettsäuren), WEIZENGLUTEN, Hefe, Zucker, ROGGENMEHL, Säuerungsmittel: Essigsäure, Milchsäure; SOJAMEHL], 31% Huhn-Curry-Fülle [Rapsöl, Trinkwasser, 19% EIER, Karotten, 7% Hühnerbrustfleisch, Zucker, Weingeistessig, Speisesalz, MAGERMILCH, SENFKORN, EIGELB, modifizierte Stärke*, Curry (Kurkuma, Cumin, Pfeffer, Bockshornklee), Gewürze, Säureregulatoren: Natriumacetat, Natriumcarbonat; Gewürze, Gewürzextrakte, Speisewürze (Mais, Raps), Dextrose, Säuerungsmittel: Milchsäure, Verdickungsmittel: Johannisbrotkernmehl, Xanthan, Guarkernmehl), 8% gebratene Hühnerfiletstreifen (Hühnerfiletstreifen, Rapsöl, Speisesalz, Chili-Extrakt, Gewürze), Tomaten, Paprika, Zucchini. *aus Mais und Kartoffeln. In Großbuchstaben angegebene Zutaten enthalten allergene Inhaltsstoffe."]},{"key":"Allergene:","value":["Enthält:Eier und daraus gewonnene Erzeugnisse, Glutenhaltiges Getreide und daraus hergestellte Erzeugnisse, Milch und daraus gewonnene Erzeugnisse (inkl. Laktose), Senf und daraus gewonnene Erzeugnisse, Sojabohnen und daraus gewonnene Erzeugnisse"]},{"key":"Ursprungsland/Herkunftsort:","value":["Sorgfältig hergestellt in Österreich"]},{"key":"Verbrauchen nach dem Öffnen:","value":["1 Tage"]},{"key":"Kontakt:","value":["SPAR Österr. Warenhandels-AG","Europastraße 3, 5015 Salzburg, Österreich"]}],"nutritions":[{"key":"","value":"Unzubereitet"},{"key":" ","value":"100 g"},{"key":"Energie","value":"971 kJ | 232 kcal"},{"key":"Fett","value":"11 g"},{"key":"Fett, davon gesättigte Fettsäuren","value":"1,3 g"},{"key":"Kohlenhydrate","value":"26 g"},{"key":"Kohlenhydrate, davon Zucker","value":"3 g"},{"key":"Ballaststoffe","value":"1,2 g"},{"key":"Eiweiß","value":"7,6 g"},{"key":"Salz","value":"1,3 g"},{"key":"Broteinheiten","value":"2,1 BE"}],"tags":[]},
    {"url":"https://www.interspar.at/shop/lebensmittel/p/2020000465294","data":[{"key":"price","value":"2,39 €"},{"key":"oldPrice","value":"\n\t\t\t\t\t\n\t\t\t\t\t \n\t\t\t\t"},{"key":"pricePerUnit","value":"(4.78 €/kg)"},{"key":"productDetailsName","value":"Alpro - Soya Heidelbeere - 500 G"},{"key":"detailsDescription","value":"500 G"},{"key":"articleNumber","value":"Artikelnummer: 2020000465294"},{"key":"Lagerhinweis:","value":["Gekühlt aufbewahren bei max 7°C. Nach Anbruch 5 Tage im Kühlschrank haltbar."]},{"key":"Zutaten:","value":["Zutaten: Wasser, Zucker, geschälte SOJABOHNEN (7,2%), Heidelbeeren (5,8%), Glukose-Fruktose-Sirup, Tricalciumcitrat, Säureregulatoren (Natriumcitrat, Citronensäure), Stabilisator (Pektin), natürliches Aroma, Hibiskus- und Karottensaftkonzentrat, Meersalz, Antioxidationsmittel (stark tocopherolhaltige Extrakte, Fettsäureester der Ascorbinsäure), Vitamine (Riboflavin (B2), B12, D2), Joghurtkulturen (Str. thermophilus, L. bulgaricus). Kann Spuren von Haselnüssen und Mandeln enthalten.In Großbuchstaben angegebene Zutaten enthalten allergene Inhaltstoffe."]},{"key":"Allergene:","value":["Kann Spuren von Haselnüssen und Mandeln enthalten.","Kann Spuren enthalten von:Schalenfrüchte und daraus gewonnene Erzeugnisse","Enthält:Sojabohnen und daraus gewonnene Erzeugnisse"]},{"key":"","value":["Laktosefrei","Niedriger Gehalt an Fett"]},{"key":"Kontakt:","value":["Felix-Austria GmbH","Felixstrasse 24, 7210 Mattersburg, Österreich"]}],"nutritions":[{"key":"","value":"Unzubereitet"},{"key":" ","value":"100 g"},{"key":"Energie","value":"309 kJ | 73 kcal"},{"key":"Fett","value":"2 g"},{"key":"Fett, davon gesättigte Fettsäuren","value":"0,3 g"},{"key":"Kohlenhydrate","value":"9,4 g"},{"key":"Kohlenhydrate, davon Zucker","value":"9,4 g"},{"key":"Ballaststoffe","value":"1,2 g"},{"key":"Eiweiß","value":"3,6 g"},{"key":"Salz","value":"0,21 g"},{"key":"Vitamin D","value":"0,75 µg | 15 %"},{"key":"Vitamin B 2, Riboflavin","value":"0,21 mg | 15 %"},{"key":"Vitamin B 12, Cyanocobalamin","value":"0,38 µg | 15 %"},{"key":"Kalzium","value":"120 mg | 15 %"},{"key":"Laktose","value":"0 g"}],"tags":["Vegan","Lactosefrei"]},
    {"url":"https://www.interspar.at/shop/lebensmittel/p/2020000465317","data":[{"key":"price","value":"2,39 €"},{"key":"oldPrice","value":"\n\t\t\t\t\t\n\t\t\t\t\t \n\t\t\t\t"},{"key":"pricePerUnit","value":"(4.78 €/kg)"},{"key":"productDetailsName","value":"Alpro - Soya Limette-Zitrone - 500 G"},{"key":"detailsDescription","value":"500 G"},{"key":"articleNumber","value":"Artikelnummer: 2020000465317"}],"nutritions":[],"tags":["Vegan","Lactosefrei"]},
    {"url":"https://www.interspar.at/shop/lebensmittel/p/2020000465324","data":[{"key":"price","value":"2,39 €"},{"key":"oldPrice","value":"\n\t\t\t\t\t\n\t\t\t\t\t \n\t\t\t\t"},{"key":"pricePerUnit","value":"(5.98 €/kg)"},{"key":"productDetailsName","value":"Alpro Cremoso - Soya Apfelstrudel - 400 G"},{"key":"detailsDescription","value":"400 G"},{"key":"articleNumber","value":"Artikelnummer: 2020000465324"},{"key":"Lagerhinweis:","value":["Gekühlt aufbewahren bei max 7°C. Nach Anbruch 5 Tage im Kühlschrank haltbar."]},{"key":"Zutaten:","value":["Zutaten: Wasser, Apfel (10%), geschälte SOJABOHNEN (7,8%), Zucker, pflanzliche Öle und Fette (Sonnenblume, Shea), Glukose-Fruktose-Sirup, Verdickungsmittel (modifizierte Maisstärke), Tricalciumcitrat, Säureregulatoren (Natriumcitrat, Zitronensäure), Stabilisator (Pektin), Emulgator (Sonnenblumenlecithin), Meersalz, Aroma, Zimt, Brandzuckersirup, Antioxidationsmittel (stark tocopherolhaltige Extrakte, Ascorbylpalmitat), natürliches Aroma, Joghurtkulturen (Str. thermophilus, L. bulgaricus), Vitamine (Riboflavin (B2), B12, D2). Kann Spuren von Haselnüssen und Mandeln enthalten. In Großbuchstaben angegebene Zutaten enthalten allergene Inhaltstoffe."]},{"key":"Allergene:","value":["Kann Spuren von Haselnüssen und Mandeln enthalten.","Kann Spuren enthalten von:Schalenfrüchte und daraus gewonnene Erzeugnisse","Enthält:Sojabohnen und daraus gewonnene Erzeugnisse"]},{"key":"","value":["Laktosefrei"]},{"key":"Kontakt:","value":["Felix-Austria GmbH","Felixstrasse 24, 7210 Mattersburg, Österreich"]}],"nutritions":[{"key":"","value":"Unzubereitet"},{"key":" ","value":"100 g"},{"key":"Energie","value":"488 kJ | 117 kcal"},{"key":"Fett","value":"5,9 g"},{"key":"Fett, davon gesättigte Fettsäuren","value":"1,7 g"},{"key":"Kohlenhydrate","value":"10,7 g"},{"key":"Kohlenhydrate, davon Zucker","value":"9,5 g"},{"key":"Ballaststoffe","value":"1 g"},{"key":"Eiweiß","value":"3,9 g"},{"key":"Salz","value":"0,36 g"},{"key":"Vitamin D","value":"0,75 µg | 15 %"},{"key":"Vitamin B 2, Riboflavin","value":"0,21 mg | 15 %"},{"key":"Vitamin B 12, Cyanocobalamin","value":"0,38 µg | 15 %"},{"key":"Kalzium","value":"120 mg | 15 %"},{"key":"Laktose","value":"0 g"}],"tags":["Vegan","Lactosefrei"]},
    {"url":"https://www.interspar.at/shop/lebensmittel/p/2020000535867","data":[{"key":"price","value":"1,99 €"},{"key":"oldPrice","value":"\n\t\t\t\t\t\n\t\t\t\t\t \n\t\t\t\t"},{"key":"pricePerUnit","value":"(11.71 €/kg)"},{"key":"productDetailsName","value":"SPAR enjoy - Lachs Sandwich - 170 G"},{"key":"detailsDescription","value":"170 G"},{"key":"articleNumber","value":"Artikelnummer: 2020000535867"},{"key":"Lagerhinweis:","value":["Vor und nach dem Öffnen gekühlt lagern bei +2°C bis +7°C. Nach dem Öffnen am selben Tag genießen."]},{"key":"Zutaten:","value":["Zutaten: Weizenbrot (WEIZENMEHL, Trinkwasser, Salz unjodiert, Palmöl, Rapsöl, Hefe, Zucker, WEIZENGLUTEN, SOJAMEHL, ROGGENMEHL, Säuerungsmittel: Essigsäure, Milchsäure; Emulgator: Mono- und Diglyceride von Speisefettsäuren), EIER gekocht, Rapsöl, 10% Lachs geräuchert (LACHS, Salz unjodiert, Zucker, Rauch), HÜHNEREIEIWEISS gekocht, Zucchini, Trinkwasser, Weingeistessig, Zucker, HÜHNEREIGELB, SENFKORN, Salz unjodiert, Zwiebel, Zitronensaft aus Zitronensaftkonzentrat, Gewürze, Säuerungsmittel: Milchsäure, Rauch. In Großbuchstaben angegebene Zutaten enthalten allergene Inhaltsstoffe."]},{"key":"Allergene:","value":["Enthält:Eier und daraus gewonnene Erzeugnisse, Fische und daraus gewonnene Erzeugnisse, Glutenhaltiges Getreide und daraus hergestellte Erzeugnisse, Senf und daraus gewonnene Erzeugnisse, Sojabohnen und daraus gewonnene Erzeugnisse"]},{"key":"Zusatztext:","value":["Trotz größter Sorgfalt können vereinzelt Gräten enthalten sein."]},{"key":"Ursprungsland/Herkunftsort:","value":["Sorgfältig hergestellt in Österreich"]},{"key":"Verbrauchen nach dem Öffnen:","value":["1 Tage"]},{"key":"Kontakt:","value":["SPAR Österr. Warenhandels-AG","Europastraße 3, 5015 Salzburg, Österreich"]}],"nutritions":[{"key":"","value":"Unzubereitet"},{"key":" ","value":"100 g"},{"key":"Energie","value":"1236 kJ | 297 kcal"},{"key":"Fett","value":"19 g"},{"key":"Fett, davon gesättigte Fettsäuren","value":"2,5 g"},{"key":"Kohlenhydrate","value":"22 g"},{"key":"Kohlenhydrate, davon Zucker","value":"2,2 g"},{"key":"Ballaststoffe","value":"1,1 g"},{"key":"Eiweiß","value":"9 g"},{"key":"Salz","value":"1,1 g"},{"key":"Broteinheiten","value":"1,8 BE"}],"tags":[]},
    {"url":"https://www.interspar.at/shop/lebensmittel/p/2020000585985","data":[{"key":"price","value":"5,99 €"},{"key":"oldPrice","value":"\n\t\t\t\t\t\n\t\t\t\t\t \n\t\t\t\t"},{"key":"pricePerUnit","value":"(6.66 €/kg)"},{"key":"productDetailsName","value":"SPAR Feine Küche - Family Pizza - 900 G"},{"key":"detailsDescription","value":"900 G"},{"key":"articleNumber","value":"Artikelnummer: 2020000585985"},{"key":"Lagerhinweis:","value":["Gekühlt lagern bei 3°C bis 7°C und nach dem Öffnen innerhalb eines Tages aufbacken."]},{"key":"Zutaten:","value":["Zutaten: Teigboden vorgebacken (WEIZENMEHL, Wasser, Rapsöl, Speisesalz jodiert (Speisesalz, Kaliumiodid), Hefe), Tomatensauce (Tomatenmark, Speisesalz jodiert (Speisesalz, Kaliumiodid)), Mozzarella 18% (MILCH, Speisesalz, Lab, Kulturen, Säuerungsmittel: Citronensäure), Champignonerzeugnis 5% (Champignons 3,5%*, Wasser, Speisesalz, Weißweinessig, Säuerungsmittel: Citronensäure, Säureregulator: Kaliumlactat), Pressschinken 3,5% (Schweinefleisch, Wasser, Nitritpökelsalz (Speisesalz, Konservierungsstoff: Natriumnitrit), Maismaltodextrin, Speisesalz, Traubenzucker, Gewürzextrakte), Süßmaiserzeugnis 3% (Süßmais 2,5%*, Wasser, Speisesalz, Zucker), Weingeistessig, Speisesalz jodiert (Speisesalz, Kaliumiodid). *%-Angaben beziehen sich auf die Gesamteinwaage. In Großbuchstaben angegebene Zutaten enthalten allergene Inhaltsstoffe."]},{"key":"Allergene:","value":["Enthält:Glutenhaltiges Getreide und daraus hergestellte Erzeugnisse, Milch und daraus gewonnene Erzeugnisse (inkl. Laktose)"]},{"key":"","value":["einfach OHNE:ohne Aromastoffzusatzohne Farbstoffzusatzohne Geschmacksverstärker"]},{"key":"Zubereitung:","value":["BackenBackofen auf 230°C vorheizen. Pizza mit Backpapier auf ein Blech legen und auf der untersten Rille ca. 8-11 Minuten backen."]},{"key":"Identitätskennzeichen:","value":["CH 317"]},{"key":"Zusatztext:","value":["gefrierfähig"]},{"key":"Ursprungsland/Herkunftsort:","value":["Sorgfältig zubereitet in der Schweiz"]},{"key":"Verbrauchen nach dem Öffnen:","value":["1 Tage"]},{"key":"Kontakt:","value":["SPAR Österr. Warenhandels-AG","Europastraße 3, 5015 Salzburg, Österreich"]}],"nutritions":[{"key":" ","value":"100 g"},{"key":"","value":"Unzubereitet"},{"key":"Energie","value":"846 kJ | 201 kcal"},{"key":"Fett","value":"5,5 g"},{"key":"Fett, davon gesättigte Fettsäuren","value":"2,4 g"},{"key":"Kohlenhydrate","value":"27 g"},{"key":"Kohlenhydrate, davon Zucker","value":"2,8 g"},{"key":"Ballaststoffe","value":"1,7 g"},{"key":"Eiweiß","value":"10 g"},{"key":"Salz","value":"1,4 g"},{"key":"Broteinheiten","value":"2,3 BE"},{"key":" ","value":"Portion (225 g)"},{"key":"","value":"Unzubereitet"},{"key":"Energie","value":"1904 kJ | 452 kcal"},{"key":"Fett","value":"12 g"},{"key":"Fett, davon gesättigte Fettsäuren","value":"5,4 g"},{"key":"Kohlenhydrate","value":"61 g"},{"key":"Kohlenhydrate, davon Zucker","value":"6,3 g"},{"key":"Ballaststoffe","value":"3,8 g"},{"key":"Eiweiß","value":"23 g"},{"key":"Salz","value":"3,2 g"},{"key":"Broteinheiten","value":"5,1 BE"}],"tags":[]},
    {"url":"https://www.interspar.at/shop/lebensmittel/p/2020000620556","data":[{"key":"price","value":"1,49 €"},{"key":"oldPrice","value":"\n\t\t\t\t\t\n\t\t\t\t\t \n\t\t\t\t"},{"key":"pricePerUnit","value":"(18.63 €/kg)"},{"key":"productDetailsName","value":"SPAR Veggie - Vegetarische Pikante Extra - 80 G"},{"key":"detailsDescription","value":"80 G"},{"key":"articleNumber","value":"Artikelnummer: 2020000620556"},{"key":"Lagerhinweis:","value":["Vor und nach dem Öffnen gekühlt lagern und innerhalb von 2 Tagen verbrauchen."]},{"key":"Zutaten:","value":["Zutaten: Wasser, Palmfett, 5% MILCHEIWEISSPULVER, 4% Paprika, 3% Erbseneiweißpulver, Sonnenblumenöl, HÜHNEREIEIWEISSPULVER, Salz unjodiert, Gewürze, Gewürzextrakte, Verdickungsmittel: Carrageen, Johannisbrotkernmehl; Speisewürze (aus hydrolysiertem MOLKENEIWEISS), Zucker, Maltodextrin, Dextrose, Säureregulatoren: Natriumacetat, Natriumlactat; Geschmacksverstärker: Mononatriumglutamat, Antioxidationsmittel: Ascorbinsäure, Farbstoffe: Lycopin aus roten Tomaten. In Großbuchstaben angegebene Zutaten enthalten allergene Inhaltsstoffe."]},{"key":"Allergene:","value":["Kann Spuren enthalten von:Sellerie und daraus gewonnene Erzeugnisse, Senf und daraus gewonnene Erzeugnisse","Enthält:Eier und daraus gewonnene Erzeugnisse, Milch und daraus gewonnene Erzeugnisse (inkl. Laktose)"]},{"key":"","value":["Eiweiß-Quelle"]},{"key":"","value":["Glutenfrei"]},{"key":"Ursprungsland/Herkunftsort:","value":["hergestellt in Österreich"]},{"key":"Verbrauchen nach dem Öffnen:","value":["2 Tage"]},{"key":"Verwendungshinweis:","value":["Zum Kochen und Braten nicht geeignet."]},{"key":"Kontakt:","value":["SPAR Österr. Warenhandels-AG","Europastraße 3, 5015 Salzburg, Österreich"]}],"nutritions":[{"key":"","value":"Unzubereitet"},{"key":" ","value":"100 g"},{"key":"Energie","value":"869 kJ | 210 kcal"},{"key":"Fett","value":"17 g"},{"key":"Fett, davon gesättigte Fettsäuren","value":"7,8 g"},{"key":"Kohlenhydrate","value":"3,4 g"},{"key":"Kohlenhydrate, davon Zucker","value":"2,3 g"},{"key":"Ballaststoffe","value":"1,7 g"},{"key":"Eiweiß","value":"9,9 g"},{"key":"Salz","value":"3,3 g"},{"key":"Broteinheiten","value":"0,3 BE"},{"key":"","value":"Unzubereitet"},{"key":" ","value":"Portion (20 g)"},{"key":"Energie","value":"174 kJ | 42 kcal"},{"key":"Fett","value":"3,4 g"},{"key":"Fett, davon gesättigte Fettsäuren","value":"1,6 g"},{"key":"Kohlenhydrate","value":"0,7 g"},{"key":"Kohlenhydrate, davon Zucker","value":"0,5 g"},{"key":"Ballaststoffe","value":"0,3 g"},{"key":"Eiweiß","value":"2 g"},{"key":"Salz","value":"0,66 g"},{"key":"Broteinheiten","value":"0,1 BE"}],"tags":["Vegetarisch","Glutenfrei"]},
    {"url":"https://www.interspar.at/shop/lebensmittel/p/2020000620594","data":[{"key":"price","value":"1,49 €"},{"key":"oldPrice","value":"\n\t\t\t\t\t\n\t\t\t\t\t \n\t\t\t\t"},{"key":"pricePerUnit","value":"(18.63 €/kg)"},{"key":"productDetailsName","value":"SPAR Veggie - Vegetarische Käse Extra - 80 G"},{"key":"detailsDescription","value":"80 G"},{"key":"articleNumber","value":"Artikelnummer: 2020000620594"},{"key":"Lagerhinweis:","value":["Vor und nach dem Öffnen gekühlt lagern und innerhalb von 2 Tagen verbrauchen."]},{"key":"Zutaten:","value":["Zutaten: Wasser, 16% HEUMILCH-EMMENTALER, Palmfett, 5% MILCHEIWEISSPULVER, 3% Erbseneiweißpulver, HÜHNEREIEIWEISSPULVER, Sonnenblumenöl, Salz unjodiert, Gewürze, Gewürzextrakte, Verdickungsmittel: Carrageen, Johannisbrotkernmehl; Speisewürze (aus hydrolysiertem MOLKENEIWEISS), Aroniabeerenextrakt, Paprikaextrakt, Zucker, Maltodextrin, Dextrose, Säureregulatoren: Natriumacetat, Natriumlactat; Geschmacksverstärker: Mononatriumglutamat, Antioxidationsmittel: Ascorbinsäure, Farbstoff: Lycopin aus roten Tomaten. In Großbuchstaben angegebene Zutaten enthalten allergene Inhaltsstoffe."]},{"key":"Allergene:","value":["Kann Spuren enthalten von:Sellerie und daraus gewonnene Erzeugnisse, Senf und daraus gewonnene Erzeugnisse","Enthält:Eier und daraus gewonnene Erzeugnisse, Milch und daraus gewonnene Erzeugnisse (inkl. Laktose)"]},{"key":"","value":["Eiweiß-Quelle"]},{"key":"","value":["Glutenfrei"]},{"key":"Ursprungsland/Herkunftsort:","value":["hergestellt in Österreich"]},{"key":"Verbrauchen nach dem Öffnen:","value":["2 Tage"]},{"key":"Verwendungshinweis:","value":["Zum Kochen und Braten nicht geeignet."]},{"key":"Kontakt:","value":["SPAR Österr. Warenhandels-AG","Europastraße 3, 5015 Salzburg, Österreich"]}],"nutritions":[{"key":"","value":"Unzubereitet"},{"key":" ","value":"100 g"},{"key":"Energie","value":"903 kJ | 217 kcal"},{"key":"Fett","value":"16 g"},{"key":"Fett, davon gesättigte Fettsäuren","value":"8,6 g"},{"key":"Kohlenhydrate","value":"3,8 g"},{"key":"Kohlenhydrate, davon Zucker","value":"1,6 g"},{"key":"Ballaststoffe","value":"1 g"},{"key":"Eiweiß","value":"14 g"},{"key":"Salz","value":"2,7 g"},{"key":"Broteinheiten","value":"0,3 BE"},{"key":"","value":"Unzubereitet"},{"key":" ","value":"Portion (20 g)"},{"key":"Energie","value":"181 kJ | 43 kcal"},{"key":"Fett","value":"3,2 g"},{"key":"Fett, davon gesättigte Fettsäuren","value":"1,7 g"},{"key":"Kohlenhydrate","value":"0,8 g"},{"key":"Kohlenhydrate, davon Zucker","value":"0,3 g"},{"key":"Ballaststoffe","value":"0,2 g"},{"key":"Eiweiß","value":"2,8 g"},{"key":"Salz","value":"0,54 g"},{"key":"Broteinheiten","value":"0,1 BE"}],"tags":["Vegetarisch","Glutenfrei"]},
    {"url":"https://www.interspar.at/shop/lebensmittel/p/2020000706236","data":[{"key":"price","value":"1,99 €"},{"key":"oldPrice","value":"\n\t\t\t\t\t\n\t\t\t\t\t \n\t\t\t\t"},{"key":"pricePerUnit","value":"(15.92 €/kg)"},{"key":"productDetailsName","value":"SPAR Veggie - Aufstrich Tofu-Curry-Ananas - 125 G"},{"key":"detailsDescription","value":"125 G"},{"key":"articleNumber","value":"Artikelnummer: 2020000706236"},{"key":"Lagerhinweis:","value":["Vor und nach dem Öffnen gekühlt lagern. Nach dem Öffnen alsbald genießen."]},{"key":"Zutaten:","value":["Zutaten: JOGURT, Frischkäsezubereitung (FRISCHKÄSE, MOLKENEIWEISS, modifizierte Stärke, Salz), 12% Tofu [Wasser, SOJABOHNEN, Festigungsmittel: Magnesiumchlorid, Sojasauce (Wasser, SOJABOHNEN, WEIZEN, Meersalz), Rauch], 8% Ananas, Wasser, Maltodextrin, Weingeistessig, Palmöl, 7% Curry-Gewürzmischung, Gewürze, Mangosaftkonzentrat, jodiertes Speisesalz (Salz, Natriumjodid), Zucker, Zitrusfaser, Glukosesirup, Ananaspulver, Verdickungsmittel: Xanthan, Antioxidationsmittel: Citronensäure, Konservierungsstoff: Kaliumsorbat. In Großbuchstaben angegebene Zutaten enthalten allergene Inhaltsstoffe."]},{"key":"Allergene:","value":["Enthält:Glutenhaltiges Getreide und daraus hergestellte Erzeugnisse, Milch und daraus gewonnene Erzeugnisse (inkl. Laktose), Sojabohnen und daraus gewonnene Erzeugnisse"]},{"key":"Zusatztext:","value":["lacto-vegetarisch"]},{"key":"Ursprungsland/Herkunftsort:","value":["Sorgfältig hergestellt in Österreich"]},{"key":"Kontakt:","value":["SPAR Österr. Warenhandels-AG","Europastraße 3, 5015 Salzburg, Österreich"]}],"nutritions":[{"key":"","value":"Unzubereitet"},{"key":" ","value":"100 g"},{"key":"Energie","value":"673 kJ | 161 kcal"},{"key":"Fett","value":"12 g"},{"key":"Fett, davon gesättigte Fettsäuren","value":"7,2 g"},{"key":"Kohlenhydrate","value":"7 g"},{"key":"Kohlenhydrate, davon Zucker","value":"4,3 g"},{"key":"Ballaststoffe","value":"0,4 g"},{"key":"Eiweiß","value":"6 g"},{"key":"Salz","value":"1,7 g"}],"tags":["Vegetarisch"]},
    {"url":"https://www.interspar.at/shop/lebensmittel/p/2020000706298","data":[{"key":"price","value":"1,99 €"},{"key":"oldPrice","value":"\n\t\t\t\t\t\n\t\t\t\t\t \n\t\t\t\t"},{"key":"pricePerUnit","value":"(15.92 €/kg)"},{"key":"productDetailsName","value":"SPAR Veggie - Muhammara Paprika-Walnuss-Dip - 125 G"},{"key":"detailsDescription","value":"125 G"},{"key":"articleNumber","value":"Artikelnummer: 2020000706298"},{"key":"Lagerhinweis:","value":["Vor und nach dem Öffnen gekühlt lagern. Nach dem Öffnen alsbald genießen."]},{"key":"Zutaten:","value":["Zutaten: 61% Paprika, 13% WALNÜSSE, Wasser, Granatapfelsaft aus Granatapfelsaftkonzentrat, Couscous (aus WEIZEN), SOJAÖL, Mangosaftkonzentrat, Cayennepfeffer, jodiertes Speisesalz (Salz, Natriumjodid), Gewürze (enthält SENF), Weinessig, Zucker, Antioxidationsmittel: Citronensäure, Konservierungsstoff: Kaliumsorbat. In Großbuchstaben angegebene Zutaten enthalten allergene Inhaltsstoffe."]},{"key":"Allergene:","value":["Enthält:Glutenhaltiges Getreide und daraus hergestellte Erzeugnisse, Schalenfrüchte und daraus gewonnene Erzeugnisse, Senf und daraus gewonnene Erzeugnisse, Sojabohnen und daraus gewonnene Erzeugnisse"]},{"key":"Ursprungsland/Herkunftsort:","value":["Sorgfältig hergestellt in Österreich"]},{"key":"Kontakt:","value":["SPAR Österr. Warenhandels-AG","Europastraße 3, 5015 Salzburg, Österreich"]}],"nutritions":[{"key":" ","value":"100 g"},{"key":"","value":"Unzubereitet"},{"key":"Energie","value":"608 kJ | 146 kcal"},{"key":"Fett","value":"9 g"},{"key":"Fett, davon gesättigte Fettsäuren","value":"1 g"},{"key":"Kohlenhydrate","value":"12 g"},{"key":"Kohlenhydrate, davon Zucker","value":"5,7 g"},{"key":"Ballaststoffe","value":"3,7 g"},{"key":"Eiweiß","value":"1,5 g"},{"key":"Salz","value":"0,6 g"}],"tags":["Vegan"]},
    {"url":"https://www.interspar.at/shop/lebensmittel/p/2020000706304","data":[{"key":"price","value":"1,99 €"},{"key":"oldPrice","value":"\n\t\t\t\t\t\n\t\t\t\t\t \n\t\t\t\t"},{"key":"pricePerUnit","value":"(15.92 €/kg)"},{"key":"productDetailsName","value":"SPAR Veggie by NENI - Baba Ganusch Melanzani-Sesam-Aufstrich - 125 G"},{"key":"detailsDescription","value":"125 G"},{"key":"articleNumber","value":"Artikelnummer: 2020000706304"},{"key":"Lagerhinweis:","value":["Vor und nach dem Öffnen gekühlt lagern. Nach dem Öffnen alsbald genießen."]},{"key":"Zutaten:","value":["Zutaten: 86% Melanzani, 11% SESAMPASTE, jodiertes Speisesalz (Salz, Natriumjodid), Gewürze, Antioxidationsmittel: Citronensäure, Konservierungsstoff: Kaliumsorbat. In Großbuchstaben angegebene Zutaten enthalten allergene Inhaltsstoffe."]},{"key":"Allergene:","value":["Enthält:Sesamsamen und daraus gewonnene Erzeugnisse"]},{"key":"Ursprungsland/Herkunftsort:","value":["Sorgfältig hergestellt in Österreich"]},{"key":"Kontakt:","value":["SPAR Österr. Warenhandels-AG","Europastraße 3, 5015 Salzburg, Österreich"]}],"nutritions":[{"key":" ","value":"100 g"},{"key":"","value":"Unzubereitet"},{"key":"Energie","value":"395 kJ | 96 kcal"},{"key":"Fett","value":"7,3 g"},{"key":"Fett, davon gesättigte Fettsäuren","value":"1,5 g"},{"key":"Kohlenhydrate","value":"2,1 g"},{"key":"Kohlenhydrate, davon Zucker","value":"0,7 g"},{"key":"Ballaststoffe","value":"3,2 g"},{"key":"Eiweiß","value":"3,7 g"},{"key":"Salz","value":"1,3 g"}],"tags":["Vegan"]},
    {"url":"https://www.interspar.at/shop/lebensmittel/p/2020000709558","data":[{"key":"price","value":"1,99 €"},{"key":"oldPrice","value":"\n\t\t\t\t\t\n\t\t\t\t\t \n\t\t\t\t"},{"key":"pricePerUnit","value":"(15.92 €/kg)"},{"key":"productDetailsName","value":"SPAR Veggie - Aufstrich Frischkäse-Tomate-Basilikum - 125 G"},{"key":"detailsDescription","value":"125 G"},{"key":"articleNumber","value":"Artikelnummer: 2020000709558"},{"key":"Lagerhinweis:","value":["Vor und nach dem Öffnen gekühlt lagern. Nach dem Öffnen alsbald genießen."]},{"key":"Zutaten:","value":["Zutaten: Frischkäsezubereitung (FRISCHKÄSE, MOLKENEIWEISS, modifizierte Stärke, Speisesalz), 36% JOGHURT, 7% getrocknete Tomaten, Oliven, 2% Basilikum, jodiertes Speisesalz (Speisesalz, Natriumjodid), Gewürze, Zucker, Wasser, Verdickungsmittel: Xanthan, Antioxidationsmittel: Citronensäure, Konservierungsstoff: Kaliumsorbat, NATRIUMMETABISULFIT. In Großbuchstaben angegebene Zutaten enthalten allergene Inhaltsstoffe."]},{"key":"Allergene:","value":["Enthält:Milch und daraus gewonnene Erzeugnisse (inkl. Laktose), Schwefeldioxid und Sulphite"]},{"key":"Zusatztext:","value":["lacto-vegetarisch"]},{"key":"Ursprungsland/Herkunftsort:","value":["Sorgfältig hergestellt in Österreich"]},{"key":"Kontakt:","value":["SPAR Österr. Warenhandels-AG","Europastraße 3, 5015 Salzburg, Österreich"]}],"nutritions":[{"key":" ","value":"100 g"},{"key":"","value":"Unzubereitet"},{"key":"Energie","value":"991 kJ | 237 kcal"},{"key":"Fett","value":"21 g"},{"key":"Fett, davon gesättigte Fettsäuren","value":"11 g"},{"key":"Kohlenhydrate","value":"5,2 g"},{"key":"Kohlenhydrate, davon Zucker","value":"4,7 g"},{"key":"Ballaststoffe","value":"1,1 g"},{"key":"Eiweiß","value":"6,1 g"},{"key":"Salz","value":"1,7 g"}],"tags":["Vegetarisch"]},
    {"url":"https://www.interspar.at/shop/lebensmittel/p/2020000722380","data":[{"key":"price","value":"2,99 €"},{"key":"oldPrice","value":"\n\t\t\t\t\t\n\t\t\t\t\t \n\t\t\t\t"},{"key":"pricePerUnit","value":"(19.93 €/kg)"},{"key":"productDetailsName","value":"SPAR enjoy - Mohn-Bagel Cheddar Käse - 150 G"},{"key":"detailsDescription","value":"150 G"},{"key":"articleNumber","value":"Artikelnummer: 2020000722380"},{"key":"Lagerhinweis:","value":["Nach dem Öffnen am selben Tag genießen. Vor und nach dem Öffnen gekühlt lagern bei +2°C bis +6°C."]},{"key":"Zutaten:","value":["Zutaten: Weizenkleingebäck (WEIZENMEHL, Trinkwasser, Zucker, Margarine [Palmfett, pflanzliche Öle (Raps, Sonnenblume), Trinkwasser, Zitronensaftkonzentrat], Mohn, Hefe, GERSTENMALZEXTRAKT, getrockneter WEIZENSAUERTEIG, Speisesalz, Emulgator: Lecithine (SOJA)), 26% Cheddarkäse (MILCH, Farbstoff: Annatto), 20% Kräuteraufstrich (TOPFEN 10% F.i.T., Frischkäse 70% F.i.T. (MILCH, Speisesalz, Verdickungsmittel: Guarkernmehl), Feta 45% F.i.T. [SCHAFMILCH, ZIEGENMILCH, Käsereikulturen, Speisesalz], Paprika, Oliven gefüllt [Oliven, Trinkwasser, Paprikapaste (Paprika, Verdickungsmittel: Guarkernmehl), Speisesalz, Säuerungsmittel: Milchsäure, Citronensäure], Speisesalz, Knoblauch, Zucker, Kräuter, Gewürze, Rapsöl), Paprika, marinierte getrocknete Tomaten (getrocknete Tomaten, Sonnenblumenöl, Speisesalz, Gewürze). In Großbuchstaben angegebene Zutaten enthalten allergene Inhaltsstoffe."]},{"key":"Allergene:","value":["Enthält:Glutenhaltiges Getreide und daraus hergestellte Erzeugnisse, Milch und daraus gewonnene Erzeugnisse (inkl. Laktose), Sojabohnen und daraus gewonnene Erzeugnisse"]},{"key":"Ursprungsland/Herkunftsort:","value":["Sorgfältig hergestellt in Österreich"]},{"key":"Kontakt:","value":["SPAR Österr. Warenhandels-AG","Europastraße 3, 5015 Salzburg, Österreich"]}],"nutritions":[{"key":"","value":"Unzubereitet"},{"key":" ","value":"100 g"},{"key":"Energie","value":"1109 kJ | 265 kcal"},{"key":"Fett","value":"12 g"},{"key":"Fett, davon gesättigte Fettsäuren","value":"0,1 g"},{"key":"Kohlenhydrate","value":"25 g"},{"key":"Kohlenhydrate, davon Zucker","value":"3 g"},{"key":"Ballaststoffe","value":"0,3 g"},{"key":"Eiweiß","value":"14 g"},{"key":"Salz","value":"1,5 g"},{"key":"Broteinheiten","value":"2,1 BE"}],"tags":[]},
    {"url":"https://www.interspar.at/shop/lebensmittel/p/2020000722526","data":[{"key":"price","value":"2,99 €"},{"key":"oldPrice","value":"\n\t\t\t\t\t\n\t\t\t\t\t \n\t\t\t\t"},{"key":"pricePerUnit","value":"(19.93 €/kg)"},{"key":"productDetailsName","value":"SPAR enjoy - Sesam-Bagel Schinken und Wasabi-Krenbutter - 150 G"},{"key":"detailsDescription","value":"150 G"},{"key":"articleNumber","value":"Artikelnummer: 2020000722526"},{"key":"Lagerhinweis:","value":["Nach dem Öffnen am selben Tag genießen. Vor und nach dem Öffnen gekühlt lagern bei +2°C bis 6°C."]},{"key":"Zutaten:","value":["Zutaten: Weizenmischgebäck (WEIZENMEHL, Trinkwasser, WEIZENSCHROT, ROGGENSCHROT, WEIZENKLEIE, SOJASCHROT, Leinsamen, WEIZENMALZSCHROT, getrockneter ROGGENSAUERTEIG, ROGGENMEHL, SOJAMEHL, Hefe, SESAM, WEIZENFASERN, Dextrose, Speisesalz, getrockneter WEIZENSAUERTEIG, GERSTENMALZMEHL, Zuckerrübenfaser, Gewürze), 26% Beinschinken (Schweinefleisch, Trinkwasser, Speisesalz, Stabilisator: Diphosphate, Maltodextrin, Dextrose, Gewürzextrakte, Antioxidationsmittel: Natriumascorbat, Gewürze, Konservierungsstoff: Natriumnitrit, Rauch), 15% Wasabi-Krenbutter (BUTTER, Trinkwasser, 6% Krenzubereitung (85% Kren, Weingeistessig, Sonnenblumenöl, Trinkwasser, Antioxidationsmittel: Ascorbinsäure, KALIUMMETABISULFIT), 3% Wasabi, Speisesalz, Zucker, SENFKORN, Zitronensaft aus Zitronensaftkonzentrat, Gewürze, Weingeistessig, Säuerungsmittel: Milchsäure), HÜHNEREI gekocht, Paprika. In Großbuchstaben angegebene Zutaten enthalten allergene Inhaltsstoffe."]},{"key":"Allergene:","value":["Enthält:Eier und daraus gewonnene Erzeugnisse, Glutenhaltiges Getreide und daraus hergestellte Erzeugnisse, Milch und daraus gewonnene Erzeugnisse (inkl. Laktose), Schwefeldioxid und Sulphite, Senf und daraus gewonnene Erzeugnisse, Sesamsamen und daraus gewonnene Erzeugnisse, Sojabohnen und daraus gewonnene Erzeugnisse"]},{"key":"Ursprungsland/Herkunftsort:","value":["Sorgfältig hergestellt in Österreich"]},{"key":"Kontakt:","value":["SPAR Österr. Warenhandels-AG","Europastraße 3, 5015 Salzburg, Österreich"]}],"nutritions":[{"key":"","value":"Unzubereitet"},{"key":" ","value":"100 g"},{"key":"Energie","value":"1057 kJ | 253 kcal"},{"key":"Fett","value":"13 g"},{"key":"Fett, davon gesättigte Fettsäuren","value":"7,2 g"},{"key":"Kohlenhydrate","value":"21 g"},{"key":"Kohlenhydrate, davon Zucker","value":"1,2 g"},{"key":"Ballaststoffe","value":"4 g"},{"key":"Eiweiß","value":"11 g"},{"key":"Salz","value":"1,9 g"},{"key":"Broteinheiten","value":"1,8 BE"}],"tags":[]},
    {"url":"https://www.interspar.at/shop/lebensmittel/p/2020000778721","data":[{"key":"price","value":"2,29 €"},{"key":"oldPrice","value":"\n\t\t\t\t\t\n\t\t\t\t\t \n\t\t\t\t"},{"key":"pricePerUnit","value":"(4.58 €/kg)"},{"key":"productDetailsName","value":"Joya - Natur+Kokos - 500 G"},{"key":"detailsDescription","value":"500 G"},{"key":"articleNumber","value":"Artikelnummer: 2020000778721"},{"key":"Lagerhinweis:","value":["Gekühlt (2-6 °C) aufbewahren."]},{"key":"Zutaten:","value":["Zutaten: Sojabasis 85,0% (Wasser, SOJABOHNEN 10,8%), Kokosnussmilch 4,3%, Zitronensaftkonzentrat; Apfelsaftkonzentrat, Calciumphosphat, Maisstärke, Verdickungsmittel: Pektin, Johannisbrotkernmehl; Salz, natürliches Aroma, Jogurtkulturen. In Großbuchstaben angegebene Zutaten enthalten allergene Inhaltstoffe."]},{"key":"Allergene:","value":["Enthält:Sojabohnen und daraus gewonnene Erzeugnisse"]},{"key":"","value":["Soja enthält von Natur aus Isoflavone"]},{"key":"","value":["Frei von Milchproteinen","Glutenfrei","Laktosefrei"]},{"key":"Kontakt:","value":["Mona Naturprodukte GmbH","Lehargasse 11, 1060 Wien, Österreich"]}],"nutritions":[{"key":"","value":"Unzubereitet"},{"key":" ","value":"100 g"},{"key":"Energie","value":"238 kJ | 57 kcal"},{"key":"Fett","value":"3,3 g"},{"key":"Fett, davon gesättigte Fettsäuren","value":"1,3 g"},{"key":"Kohlenhydrate","value":"2,3 g"},{"key":"Kohlenhydrate, davon Zucker","value":"0 g"},{"key":"Eiweiß","value":"4,1 g"},{"key":"Salz","value":"0,1 g"},{"key":"Kalzium","value":"120 mg"},{"key":"Isoflavone","value":"15 mg"}],"tags":["Vegan","Glutenfrei"]},
    {"url":"https://www.interspar.at/shop/lebensmittel/p/2020001023431","data":[{"key":"price","value":"0,85 €"},{"key":"oldPrice","value":"\n\t\t\t\t\t\n\t\t\t\t\t \n\t\t\t\t"},{"key":"pricePerUnit","value":"(4.25 €/kg)"},{"key":"productDetailsName","value":"Joya - Natur - 200 G"},{"key":"detailsDescription","value":"200 G"},{"key":"articleNumber","value":"Artikelnummer: 2020001023431"},{"key":"Lagerhinweis:","value":["Gekühlt (2-6 °C) aufbewahren."]},{"key":"Zutaten:","value":["Zutaten: Sojabasis 99 % (Wasser, SOJABOHNEN 11 %); Maisstärke; Zitronensaftkonzentrat; Salz; Jogurtkulturen.In Großbuchstaben angegebene Zutaten enthalten allergene Inhaltstoffe."]},{"key":"Allergene:","value":["Enthält:Sojabohnen und daraus gewonnene Erzeugnisse"]},{"key":"","value":["Soja enthält von Natur aus Isoflavone."]},{"key":"","value":["Glutenfrei","Laktosefrei","Frei von Milchproteinen"]},{"key":"Kontakt:","value":["Mona Naturprodukte GmbH","Lehargasse 11, 1060 Wien, Österreich"]}],"nutritions":[{"key":"","value":"Unzubereitet"},{"key":" ","value":"100 g"},{"key":"Energie","value":"211 kJ | 50 kcal"},{"key":"Fett","value":"2,6 g"},{"key":"Fett, davon gesättigte Fettsäuren","value":"0,4 g"},{"key":"Kohlenhydrate","value":"1,6 g"},{"key":"Kohlenhydrate, davon Zucker","value":"0 g"},{"key":"Eiweiß","value":"4,7 g"},{"key":"Salz","value":"0,09 g"},{"key":"Isoflavone","value":"15 mg"}],"tags":["Vegan","Glutenfrei"]},
    {"url":"https://www.interspar.at/shop/lebensmittel/p/2020001023462","data":[{"key":"price","value":"0,99 €"},{"key":"oldPrice","value":"\n\t\t\t\t\t\n\t\t\t\t\t \n\t\t\t\t"},{"key":"pricePerUnit","value":"(4.95 €/kg)"},{"key":"productDetailsName","value":"Joya - Pfirsich-Marille - 200 G"},{"key":"detailsDescription","value":"200 G"},{"key":"articleNumber","value":"Artikelnummer: 2020001023462"},{"key":"Lagerhinweis:","value":["Gekühlt (2-6 °C) aufbewahren."]},{"key":"Zutaten:","value":["Zutaten: Sojabasis 74% (Wasser, SOJABOHNEN 11%); Früchte 16% (Marille 8,5%, Pfirsich 7,5%); Rübenzucker; Maisstärke; Verdickungsmittel: Pektin; Zitronensaftkonzentrat; Salz; natürliches Aroma; Jogurtkulturen. In Großbuchstaben angegebene Zutaten enthalten allergene Inhaltstoffe."]},{"key":"Allergene:","value":["Enthält:Sojabohnen und daraus gewonnene Erzeugnisse"]},{"key":"","value":["Soja enthält von Natur aus Isoflavone."]},{"key":"","value":["Glutenfrei","Laktosefrei","Frei von Milchproteinen"]},{"key":"Kontakt:","value":["Mona Naturprodukte GmbH","Lehargasse 11, 1060 Wien, Österreich"]}],"nutritions":[{"key":"","value":"Unzubereitet"},{"key":" ","value":"100 g"},{"key":"Energie","value":"328 kJ | 78 kcal"},{"key":"Fett","value":"2 g"},{"key":"Fett, davon gesättigte Fettsäuren","value":"0,3 g"},{"key":"Kohlenhydrate","value":"10,8 g"},{"key":"Kohlenhydrate, davon Zucker","value":"9,8 g"},{"key":"Eiweiß","value":"3,6 g"},{"key":"Salz","value":"0,09 g"},{"key":"Isoflavone","value":"15 mg"}],"tags":["Vegan","Glutenfrei"]},
    {"url":"https://www.interspar.at/shop/lebensmittel/p/2020001023516","data":[{"key":"price","value":"0,99 €"},{"key":"oldPrice","value":"\n\t\t\t\t\t\n\t\t\t\t\t \n\t\t\t\t"},{"key":"pricePerUnit","value":"(4.95 €/kg)"},{"key":"productDetailsName","value":"Joya - Waldbeere - 200 G"},{"key":"detailsDescription","value":"200 G"},{"key":"articleNumber","value":"Artikelnummer: 2020001023516"},{"key":"Lagerhinweis:","value":["Gekühlt (2-6 °C) aufbewahren."]},{"key":"Zutaten:","value":["Zutaten: Sojabasis 77% (Wasser, SOJABOHNEN 11%); Waldbeeren 12,5% (Brombeere 3,2%; Erdbeere 2,5%, Schwarzer Holunder 2,2%; Heidelbeere 1,6%, Himbeere 1,5%, Schwarze Johannisbeere 1,5%); Rübenzucker; Maisstärke;  Frucht- und Gemüsesaftkonzentrat (Zitrone, Schwarze Johannisbeere, Schwarze Karotte); Verdickungsmittel:  Pektin; Salz; natürliches Aroma, Jogurtkulturen. In Großbuchstaben angegebene Zutaten enthalten allergene Inhaltstoffe."]},{"key":"Allergene:","value":["Enthält:Sojabohnen und daraus gewonnene Erzeugnisse"]},{"key":"","value":["Soja enthält von Natur aus Isoflavone."]},{"key":"","value":["Laktosefrei","Glutenfrei","Frei von Milchproteinen"]},{"key":"Kontakt:","value":["Mona Naturprodukte GmbH","Lehargasse 11, 1060 Wien, Österreich"]}],"nutritions":[{"key":"","value":"Unzubereitet"},{"key":" ","value":"100 g"},{"key":"Energie","value":"317 kJ | 75 kcal"},{"key":"Fett","value":"2,1 g"},{"key":"Fett, davon gesättigte Fettsäuren","value":"0,3 g"},{"key":"Kohlenhydrate","value":"9,7 g"},{"key":"Kohlenhydrate, davon Zucker","value":"8,8 g"},{"key":"Eiweiß","value":"3,8 g"},{"key":"Salz","value":"0,08 g"},{"key":"Isoflavone","value":"15 mg"}],"tags":["Vegan","Glutenfrei"]},
    {"url":"https://www.interspar.at/shop/lebensmittel/p/2020001078998","data":[{"key":"price","value":"1,99 €"},{"key":"oldPrice","value":"\n\t\t\t\t\t\n\t\t\t\t\t \n\t\t\t\t"},{"key":"pricePerUnit","value":"(11.06 €/kg)"},{"key":"productDetailsName","value":"SPAR enjoy - Vollkornbrot mit Gouda - 180 G"},{"key":"detailsDescription","value":"180 G"},{"key":"articleNumber","value":"Artikelnummer: 2020001078998"},{"key":"Lagerhinweis:","value":["Vor und nach dem Öffnen gekühlt lagern bei +2°C bis +6°C. Nach dem Öffnen am selben Tag genießen."]},{"key":"Zutaten:","value":["Zutaten: 60% Roggenvollkornbrot (ROGGENVOLLKORNSCHROT, ROGGENVOLLKORNMEHL, Wasser, Sonnenblumenkerne, WEIZENMEHL, Speisesalz, Invertzuckersirup, Karamellsirup, Hefe), 25% Gouda 45% F.i.T. (MILCH, Speisesalz, Farbstoff: Beta-Carotin, mikrobielles Lab, Käsereikulturen), 15% BUTTER. In Großbuchstaben angegebene Zutaten enthalten allergene Inhaltsstoffe."]},{"key":"Allergene:","value":["Enthält:Glutenhaltiges Getreide und daraus hergestellte Erzeugnisse, Milch und daraus gewonnene Erzeugnisse (inkl. Laktose)"]},{"key":"Kontakt:","value":["SPAR Österr. Warenhandels-AG","Europastraße 3, 5015 Salzburg, Österreich"]}],"nutritions":[{"key":"","value":"Unzubereitet"},{"key":" ","value":"100 g"},{"key":"Energie","value":"1326 kJ | 319 kcal"},{"key":"Fett","value":"22 g"},{"key":"Fett, davon gesättigte Fettsäuren","value":"12 g"},{"key":"Kohlenhydrate","value":"18 g"},{"key":"Kohlenhydrate, davon Zucker","value":"2 g"},{"key":"Ballaststoffe","value":"6,6 g"},{"key":"Eiweiß","value":"9 g"},{"key":"Salz","value":"1 g"},{"key":"Broteinheiten","value":"1,5 g"}],"tags":[]},
    {"url":"https://www.interspar.at/shop/lebensmittel/p/2020001079001","data":[{"key":"price","value":"1,99 €"},{"key":"oldPrice","value":"\n\t\t\t\t\t\n\t\t\t\t\t \n\t\t\t\t"},{"key":"pricePerUnit","value":"(10.47 €/kg)"},{"key":"productDetailsName","value":"SPAR enjoy - Vollkornbrot mit Schinken & Frischkäse - 190 G"},{"key":"detailsDescription","value":"190 G"},{"key":"articleNumber","value":"Artikelnummer: 2020001079001"},{"key":"Lagerhinweis:","value":["Vor und nach dem Öffnen gekühlt lagern bei +2°C bis +6°C. Nach dem Öffnen am selben Tag genießen."]},{"key":"Zutaten:","value":["Zutaten: 57% Roggenvollkornbrot (ROGGENVOLLKORNSCHROT, ROGGENVOLLKORNMEHL, Wasser, Sonnenblumenkerne, WEIZENMEHL, Salz unjodiert, Invertzuckersirup, Karamellsirup, Hefe), 24% Schinken (Schweinefleisch, Wasser, Salz unjodiert, Maltodextrin, Stabilisatoren: Di- und Triphosphate; Gewürzextrakte (enthält SELLERIE), Antioxidationsmittel: Natriumascorbat, Aroma, Säuerungsmittel: Natriumlactat, Konservierungsstoff: Natriumnitrit), 14% Kräuterfrischkäsezubereitung 70% F.i.T (FRISCHKÄSE, MOLKENEIWEISS, modifizierte Stärke, Salz unjodiert, Kräuter), 5% grüner Paprika. In Großbuchstaben angegebene Zutaten enthalten allergene Inhaltsstoffe."]},{"key":"Allergene:","value":["Enthält:Glutenhaltiges Getreide und daraus hergestellte Erzeugnisse, Milch und daraus gewonnene Erzeugnisse (inkl. Laktose), Sellerie und daraus gewonnene Erzeugnisse"]},{"key":"Verbrauchen nach dem Öffnen:","value":["1 Tage"]},{"key":"Kontakt:","value":["SPAR Österr. Warenhandels-AG","Europastraße 3, 5015 Salzburg, Österreich"]}],"nutritions":[{"key":"","value":"Unzubereitet"},{"key":" ","value":"100 g"},{"key":"Energie","value":"845 kJ | 202 kcal"},{"key":"Fett","value":"9 g"},{"key":"Fett, davon gesättigte Fettsäuren","value":"3 g"},{"key":"Kohlenhydrate","value":"18 g"},{"key":"Kohlenhydrate, davon Zucker","value":"2,4 g"},{"key":"Ballaststoffe","value":"6,4 g"},{"key":"Eiweiß","value":"9 g"},{"key":"Salz","value":"1,3 g"},{"key":"Broteinheiten","value":"1,5 g"}],"tags":[]},
    {"url":"https://www.interspar.at/shop/lebensmittel/p/2020001079032","data":[{"key":"price","value":"1,99 €"},{"key":"oldPrice","value":"\n\t\t\t\t\t\n\t\t\t\t\t \n\t\t\t\t"},{"key":"pricePerUnit","value":"(11.06 €/kg)"},{"key":"productDetailsName","value":"SPAR enjoy - Vollkornbrot mit Salami & Gouda - 180 G"},{"key":"detailsDescription","value":"180 G"},{"key":"articleNumber","value":"Artikelnummer: 2020001079032"},{"key":"Lagerhinweis:","value":["Vor und nach dem Öffnen gekühlt lagern bei +2°C bis +6°C. Nach dem Öffnen am selben Tag genießen."]},{"key":"Zutaten:","value":["Zutaten: 60% Roggenvollkornbrot (ROGGENVOLLKORNSCHROT, ROGGENVOLLKORNMEHL, Wasser, Sonnenblumenkerne, WEIZENMEHL, Speisesalz, Invertzuckersirup, Karamellsirup, Hefe), 16% Salami (Schweinefleisch, Schweinespeck, Speisesalz, Gewürze (enthält SENF), Gewürzextrakte, Dextrose, Antioxidationsmittel: Natriumascorbat, Konservierungsstoff: Kaliumnitrat), 15% Kräuterfrischkäsezubereitung 70% F.i.T. (FRISCHKÄSE, MOLKENEIWEISS, modifizierte Stärke, Speisesalz, Kräuter), 9% Gouda 45% F.i.T. (MILCH, Speisesalz, Farbstoff: Beta-Carotin, mikrobielles Lab, Käsereikulturen). In Großbuchstaben angegebene Zutaten enthalten allergene Inhaltsstoffe."]},{"key":"Allergene:","value":["Enthält:Glutenhaltiges Getreide und daraus hergestellte Erzeugnisse, Milch und daraus gewonnene Erzeugnisse (inkl. Laktose), Senf und daraus gewonnene Erzeugnisse"]},{"key":"Kontakt:","value":["SPAR Österr. Warenhandels-AG","Europastraße 3, 5015 Salzburg, Österreich"]}],"nutritions":[{"key":"","value":"Unzubereitet"},{"key":" ","value":"100 g"},{"key":"Energie","value":"1192 kJ | 286 kcal"},{"key":"Fett","value":"17 g"},{"key":"Fett, davon gesättigte Fettsäuren","value":"8 g"},{"key":"Kohlenhydrate","value":"19 g"},{"key":"Kohlenhydrate, davon Zucker","value":"2,4 g"},{"key":"Ballaststoffe","value":"6,6 g"},{"key":"Eiweiß","value":"11 g"},{"key":"Salz","value":"1,6 g"},{"key":"Broteinheiten","value":"1,6 g"}],"tags":[]},
    {"url":"https://www.interspar.at/shop/lebensmittel/p/2020001258307","data":[{"key":"price","value":"1,59 €"},{"key":"oldPrice","value":"\n\t\t\t\t\t\n\t\t\t\t\t \n\t\t\t\t"},{"key":"pricePerUnit","value":"(7.95 €/kg)"},{"key":"productDetailsName","value":"Joya - Soya Greek natur-zuckerfrei - 200 G"},{"key":"detailsDescription","value":"200 G"},{"key":"articleNumber","value":"Artikelnummer: 2020001258307"},{"key":"Lagerhinweis:","value":["Gekühlt bei 2-6 °C aufbewahren."]},{"key":"Zutaten:","value":["Zutaten: Sojabasis 99,9% (Wasser, SOJABOHNEN 15%), natürliches Aroma, Salz, Jogurtkulturen. In Großbuchstaben angegebenen Zutaten enthalten allergene Inhaltsstoffe."]},{"key":"Allergene:","value":["Enthält:Sojabohnen und daraus gewonnene Erzeugnisse"]},{"key":"","value":["Soja enthält von Natur aus Isoflavone"]},{"key":"Kontakt:","value":["Mona Naturprodukte GmbH","Lehargasse 11, 1060 Wien, Österreich","+4318972300","+4318972300-520","info@joya-soja.at"]}],"nutritions":[{"key":"","value":"Unzubereitet"},{"key":" ","value":"100 g"},{"key":"Energie","value":"275 kJ | 66 kcal"},{"key":"Fett","value":"3,6 g"},{"key":"Fett, davon gesättigte Fettsäuren","value":"0,5 g"},{"key":"Kohlenhydrate","value":"1,2 g"},{"key":"Kohlenhydrate, davon Zucker","value":"0 g"},{"key":"Eiweiß","value":"6,5 g"},{"key":"Salz","value":"0,1 g"},{"key":"Isoflavone","value":"33 mg"}],"tags":["Vegan"]},
    {"url":"https://www.interspar.at/shop/lebensmittel/p/2020001258352","data":[{"key":"price","value":"1,59 €"},{"key":"oldPrice","value":"\n\t\t\t\t\t\n\t\t\t\t\t \n\t\t\t\t"},{"key":"pricePerUnit","value":"(7.95 €/kg)"},{"key":"productDetailsName","value":"Joya - Soya Greek mit Erdbeer - 200 G"},{"key":"detailsDescription","value":"200 G"},{"key":"articleNumber","value":"Artikelnummer: 2020001258352"},{"key":"Lagerhinweis:","value":["Gekühlt bei 2-6 °C aufbewahren."]},{"key":"Zutaten:","value":["Zutaten: Sojabasis 80% (Wasser, SOJABOHNEN 15%), 9,4% Erdbeeren, Zucker, 2,6% Erdbeerpüree aus Erdbeerpüreekonzentrat, Verdickungsmittel: Pektin; Zitronensaftkonzentrat, Aroniasaftkonzentrat, natürliche Aromen, Salz, Jogurtkulturen. In Großbuchstaben angegebenen Zutaten enthalten allergene Inhaltsstoffe."]},{"key":"Allergene:","value":["Enthält:Sojabohnen und daraus gewonnene Erzeugnisse"]},{"key":"","value":["Soja enthält von Natur aus Isoflavone"]},{"key":"Kontakt:","value":["Mona Naturprodukte GmbH","Lehargasse 11, 1060 Wien, Österreich","+4318972300","+4318972300-520","info@joya-soja.at"]}],"nutritions":[{"key":"","value":"Unzubereitet"},{"key":" ","value":"100 g"},{"key":"Energie","value":"368 kJ | 88 kcal"},{"key":"Fett","value":"2,9 g"},{"key":"Fett, davon gesättigte Fettsäuren","value":"0,4 g"},{"key":"Kohlenhydrate","value":"9,4 g"},{"key":"Kohlenhydrate, davon Zucker","value":"8,3 g"},{"key":"Eiweiß","value":"5,3 g"},{"key":"Salz","value":"0,1 g"},{"key":"Isoflavone","value":"26 mg"}],"tags":["Vegan"]},
    {"url":"https://www.interspar.at/shop/lebensmittel/p/2020001398362","data":[{"key":"price","value":"2,49 €"},{"key":"oldPrice","value":"\n\t\t\t\t\t\n\t\t\t\t\t \n\t\t\t\t"},{"key":"pricePerUnit","value":"(19.92 €/kg)"},{"key":"productDetailsName","value":"Veganz - Vegane Genießerscheiben mild - 125 G"},{"key":"detailsDescription","value":"125 G"},{"key":"articleNumber","value":"Artikelnummer: 2020001398362"},{"key":"Lagerhinweis:","value":["Bei max. +7°C lagern."]},{"key":"Zutaten:","value":["Zutaten: Wasser, Kokosöl raffiniert (21%), modifizierte Stärke, Meersalz, Aroma, Konservierungsstoff: Kaliumsorbat, Farbstoff: Beta-Carotin."]},{"key":"","value":["Frei von Soja"]},{"key":"Ursprungsland/Herkunftsort:","value":["hergestellt in Deutschland"]},{"key":"Kontakt:","value":["Veganz GmbH","Warschauer Straße 32, 10243 Berlin, Deutschland"]}],"nutritions":[{"key":"","value":"Unzubereitet"},{"key":" ","value":"100 g"},{"key":"Energie","value":"1159 kJ | 277 kcal"},{"key":"Fett","value":"21 g"},{"key":"Fett, davon gesättigte Fettsäuren","value":"18 g"},{"key":"Kohlenhydrate","value":"22 g"},{"key":"Kohlenhydrate, davon Zucker","value":"< 0,5 g"},{"key":"Eiweiß","value":"< 0,5 g"},{"key":"Salz","value":"2,1 g"}],"tags":["Vegan"]},
    {"url":"https://www.interspar.at/shop/lebensmittel/p/2020001398379","data":[{"key":"price","value":"2,49 €"},{"key":"oldPrice","value":"\n\t\t\t\t\t\n\t\t\t\t\t \n\t\t\t\t"},{"key":"pricePerUnit","value":"(19.92 €/kg)"},{"key":"productDetailsName","value":"Veganz - Vegane Genießerscheiben kräftig - 125 G"},{"key":"detailsDescription","value":"125 G"},{"key":"articleNumber","value":"Artikelnummer: 2020001398379"},{"key":"Lagerhinweis:","value":["Gekühlt bei max. +7°C lagern."]},{"key":"Zutaten:","value":["Zutaten: Wasser, Kokosöl raffiniert (20%), modifizierte Stärke, Stärke, Meersalz, Aroma, Konservierungsstoff: Kaliumsorbat, Farbstoffe: Beta-Carotin, Paprikaextrakt."]},{"key":"","value":["Frei von Soja"]},{"key":"Ursprungsland/Herkunftsort:","value":["hergestellt in Deutschland"]},{"key":"Kontakt:","value":["Veganz GmbH","Warschauer Straße 32, 10243 Berlin, Deutschland"]}],"nutritions":[{"key":"","value":"Unzubereitet"},{"key":" ","value":"100 g"},{"key":"Energie","value":"1126 kJ | 269 kcal"},{"key":"Fett","value":"21 g"},{"key":"Fett, davon gesättigte Fettsäuren","value":"18 g"},{"key":"Kohlenhydrate","value":"21 g"},{"key":"Kohlenhydrate, davon Zucker","value":"< 0,5 g"},{"key":"Eiweiß","value":"< 0,5 g"},{"key":"Salz","value":"2,2 g"}],"tags":["Vegan"]},
    {"url":"https://www.interspar.at/shop/lebensmittel/p/2020001398386","data":[{"key":"price","value":"2,49 €"},{"key":"oldPrice","value":"\n\t\t\t\t\t\n\t\t\t\t\t \n\t\t\t\t"},{"key":"pricePerUnit","value":"(19.92 €/kg)"},{"key":"productDetailsName","value":"Veganz - Vegane Genießerscheiben Kräuter - 125 G"},{"key":"detailsDescription","value":"125 G"},{"key":"articleNumber","value":"Artikelnummer: 2020001398386"},{"key":"Lagerhinweis:","value":["Gekühlt bei max. +7°C lagern."]},{"key":"Zutaten:","value":["Zutaten: Wasser, Kokosöl raffiniert (20%), modfizierte Stärke, Meersalz, Aroma, Konservierungsstoff: Kaliumsorbat, Kräuter (0,05%), Farbstoff: Beta-Carotin."]},{"key":"","value":["Frei von Soja"]},{"key":"Ursprungsland/Herkunftsort:","value":["hergestellt in Deutschland"]},{"key":"Kontakt:","value":["Veganz GmbH","Warschauer Straße 32, 10243 Berlin, Deutschland"]}],"nutritions":[{"key":"","value":"Unzubereitet"},{"key":" ","value":"100 g"},{"key":"Energie","value":"1126 kJ | 269 kcal"},{"key":"Fett","value":"21 g"},{"key":"Fett, davon gesättigte Fettsäuren","value":"18 g"},{"key":"Kohlenhydrate","value":"21 g"},{"key":"Kohlenhydrate, davon Zucker","value":"< 0,5 g"},{"key":"Eiweiß","value":"< 0,5 g"},{"key":"Salz","value":"2,2 g"}],"tags":["Vegan"]},
    {"url":"https://www.interspar.at/shop/lebensmittel/p/2020001540235","data":[{"key":"price","value":"1,99 €"},{"key":"oldPrice","value":"\n\t\t\t\t\t\n\t\t\t\t\t \n\t\t\t\t"},{"key":"pricePerUnit","value":"(11.71 €/kg)"},{"key":"productDetailsName","value":"SPAR enjoy - Sandwiches Thunfisch & Ei-Schnittlauch - 170 G"},{"key":"detailsDescription","value":"170 G"},{"key":"articleNumber","value":"Artikelnummer: 2020001540235"},{"key":"Lagerhinweis:","value":["Vor und nach dem Öffnen gekühlt (2-7°C) lagern. Nach dem Öffnen am selben Tag genießen."]},{"key":"Zutaten:","value":["50% Weizenbrot mit Thunfisch und Oliven. Zutaten: Weizenbrot (WEIZENMEHL, Wasser, Leinsamen, Sonnenblumenkerne, Hirse, Buchweizen, Salz unjodiert, Hefe, geröstetes GERSTENMALZMEHL, Sonnenblumenöl, ROGGENQUELLMEHL, WEIZENGLUTEN, Säuerungsmittel: Essigsäure, Emulgator: Mono- und Diglyceride von Speisefettsäuren, SOJAMEHL, Zucker), 20%* Thunfischfiletstücke (THUNFISCH, Sonnenblumenöl, Salz unjodiert), Thunfischcreme (Rapsöl, THUNFISCH, Wasser, SCHLAGOBERS 32% Fett, SPEISETOPFEN 10% F.i.T., Zucker, Gewürze, Zwiebel, Weingeistessig, MAGERMILCH, Speisegelatine, Kapern, SENFKORN, Petersilie, Salz unjodiert, modifizierte Stärke, EIGELBPULVER, Säuerungsmittel: Milchsäure; Konservierungsstoff: Kaliumsorbat; Verdickungsmittel: Johannisbrotkernmehl, Xanthan, Guarkernmehl; Farbstoff: Einfaches Zuckerkulör), 2%* Oliven, Rucola, Stabilisator: Eisen-(II)-gluconat. 50% Weizenbrot mit Ei und Schnittlauch. Zutaten: Weizenbrot (WEIZENMEHL, Wasser, Salz unjodiert, Palmöl, Rapsöl, Hefe, Zucker, WEIZENGLUTEN, SOJAMEHL, ROGGENMEHL, Säuerungsmittel: Essigsäure, Milchsäure; Emulgator: Mono- und Diclyceride von Speisefettsäuren), 34%* EIER, Mayonnaise (Rapsöl, Wasser, Zucker, Weingeistessig, Salz unjodiert, MAGERMILCH, EIGELBPULVER, SENFKORN, Gewürze, Zitronensaft aus Zitronensaftkonzentrat, modifizierte Stärke, Säuerungsmittel: Milchsäure, Verdickungsmittel: Xanthan, Johannisbrotkernmehl, Guarkernmehl; Konservierungsstoff: Kaliumsorbat), Tomaten, Schnittlauch. *Prozentangabe bezieht sich auf die jeweilige Sorte. In Großbuchstaben angegebene Zutaten enthalten allergene Inhaltsstoffe."]},{"key":"Allergene:","value":["Enthält:Eier und daraus gewonnene Erzeugnisse, Fische und daraus gewonnene Erzeugnisse, Glutenhaltiges Getreide und daraus hergestellte Erzeugnisse, Milch und daraus gewonnene Erzeugnisse (inkl. Laktose), Senf und daraus gewonnene Erzeugnisse, Sojabohnen und daraus gewonnene Erzeugnisse"]},{"key":"Ursprungsland/Herkunftsort:","value":["Sorgfältig hergestellt in Österreich"]},{"key":"Verbrauchen nach dem Öffnen:","value":["1 Tage"]},{"key":"Kontakt:","value":["SPAR Österr. Warenhandels-AG","Europastraße 3, 5015 Salzburg, Österreich"]}],"nutritions":[{"key":"","value":"Unzubereitet"},{"key":" ","value":"100 g"},{"key":"Energie","value":"1035 kJ | 247 kcal"},{"key":"Fett","value":"13 g"},{"key":"Fett, davon gesättigte Fettsäuren","value":"2,1 g"},{"key":"Kohlenhydrate","value":"23 g"},{"key":"Kohlenhydrate, davon Zucker","value":"2,2 g"},{"key":"Ballaststoffe","value":"1,2 g"},{"key":"Eiweiß","value":"9 g"},{"key":"Salz","value":"1,5 g"},{"key":"Broteinheiten","value":"1,9 BE"}],"tags":[]},
    {"url":"https://www.interspar.at/shop/lebensmittel/p/2020001634903","data":[{"key":"price","value":"2,39 €"},{"key":"oldPrice","value":"\n\t\t\t\t\t\n\t\t\t\t\t \n\t\t\t\t"},{"key":"pricePerUnit","value":"(4.78 €/kg)"},{"key":"productDetailsName","value":"Alpro - Natur mit Kokosnuss - 500 G"},{"key":"detailsDescription","value":"500 G"},{"key":"articleNumber","value":"Artikelnummer: 2020001634903"},{"key":"Lagerhinweis:","value":["Gekühlt aufbewahren bei max. 7°C. Nach Anbruch 5 Tage im Kühlschrank haltbar."]},{"key":"Zutaten:","value":["Zutaten: Wasser, geschälte SOJABOHNEN (7,8%), Kokosmilch (4,3%) (Kokoscreme, Wasser), Zucker, Tricalciumcitrat, Säureregulatoren (Natriumcitrat, Citronensäure), Stabilisator (Pektin), natürliches Aroma, Meersalz, Vitamine (B12, D2), Antioxidationsmittel (stark tocopherolhaltige Extrakte, Fettsäureester der Ascorbinsäure), Joghurtkulturen (Str. thermophilus, L. bulgaricus). In Großbuchstaben angegebene Zutaten enthalten allergene Inhaltsstoffe."]},{"key":"Allergene:","value":["Kann Spuren von Haselnüssen und Mandeln enthalten.","Kann Spuren enthalten von:Schalenfrüchte und daraus gewonnene Erzeugnisse","Enthält:Sojabohnen und daraus gewonnene Erzeugnisse"]},{"key":"","value":["kuhmilcheiweißfreivon Natur aus laktosefrei"]},{"key":"","value":["Glutenfrei"]},{"key":"Verbrauchen nach dem Öffnen:","value":["5 Tage"]},{"key":"Kontakt:","value":["Felix Austria GmbH","Felixstraße 24, 7210 Mattersburg, Österreich","www.alpro.com","0800 202175","kundenservice@alpro.com"]}],"nutritions":[{"key":"","value":"Unzubereitet"},{"key":" ","value":"100 g"},{"key":"Energie","value":"231 kJ | 55 kcal"},{"key":"Fett","value":"3 g"},{"key":"Fett, davon gesättigte Fettsäuren","value":"1,1 g"},{"key":"Kohlenhydrate","value":"2,3 g"},{"key":"Kohlenhydrate, davon Zucker","value":"2,1 g"},{"key":"Ballaststoffe","value":"0,8 g"},{"key":"Eiweiß","value":"3,9 g"},{"key":"Salz","value":"0,32 g"},{"key":"Vitamin D","value":"0,75 µg | 15 %"},{"key":"Vitamin B 12, Cyanocobalamin","value":"0,38 µg | 15 %"},{"key":"Kalzium","value":"120 mg | 15 %"},{"key":"Laktose","value":"0 g"}],"tags":["Vegan","Glutenfrei","Lactosefrei"]},
    {"url":"https://www.interspar.at/shop/lebensmittel/p/2020001677955","data":[{"key":"price","value":"1,89 €"},{"key":"oldPrice","value":"\n\t\t\t\t\t\n\t\t\t\t\t \n\t\t\t\t"},{"key":"pricePerUnit","value":"(5.25 €/kg)"},{"key":"productDetailsName","value":"SPAR Feine Küche - Palatschinken vorgebacken 6 Stück - 360 G"},{"key":"detailsDescription","value":"360 G"},{"key":"articleNumber","value":"Artikelnummer: 2020001677955"}],"nutritions":[],"tags":["Vegetarisch"]},
    {"url":"https://www.interspar.at/shop/lebensmittel/p/2020001709410","data":[{"key":"price","value":"1,19 €"},{"key":"oldPrice","value":"\n\t\t\t\t\t\n\t\t\t\t\t \n\t\t\t\t"},{"key":"pricePerUnit","value":"(5.95 €/l)"},{"key":"productDetailsName","value":"Joya - Soya Finesse zum Kochen - 200 ML"},{"key":"detailsDescription","value":"200 ML"},{"key":"articleNumber","value":"Artikelnummer: 2020001709410"},{"key":"Lagerhinweis:","value":["Gekühlt (2-6 °C) lagern. Nach dem Öffnen im Kühlschrank 4 Tage haltbar."]},{"key":"Zutaten:","value":["Zutaten: Sojabasis 79,5 % (Wasser, SOJABOHNEN 7,4%); Sonnenblumenöl; Glukosesirup; Verdickungsmittel: Johannisbrotkernmehl; Salz. In Großbuchstaben angegebene Zutaten enthalten allergene Inhaltstoffe."]},{"key":"Allergene:","value":["Enthält:Sojabohnen und daraus gewonnene Erzeugnisse"]},{"key":"Verwendungshinweis:","value":["Vor Genuss schütteln!"]},{"key":"Kontakt:","value":["Mona Naturprodukte GmbH","Lehargasse 11, 1060 Wien, Österreich","info@joya-soja.at"]}],"nutritions":[{"key":"","value":"Unzubereitet"},{"key":" ","value":"100 ml"},{"key":"Energie","value":"770 kJ | 186 kcal"},{"key":"Fett","value":"17 g"},{"key":"Fett, davon gesättigte Fettsäuren","value":"2,7 g"},{"key":"Fett, davon einfach ungesättigte Fettsäuren","value":"4,2 g"},{"key":"Fett, davon mehrfach ungesättigte Fettsäuren","value":"9,4 g"},{"key":"Kohlenhydrate","value":"5,3 g"},{"key":"Kohlenhydrate, davon Zucker","value":"1,9 g"},{"key":"Ballaststoffe","value":"0,8 g"},{"key":"Eiweiß","value":"2,6 g"},{"key":"Salz","value":"0,09 g"},{"key":"Isoflavone","value":"12 mg"}],"tags":["Vegan","Glutenfrei","Lactosefrei"]},
    {"url":"https://www.interspar.at/shop/lebensmittel/p/2020001807079","data":[{"key":"price","value":"2,99 €"},{"key":"oldPrice","value":"\n\t\t\t\t\t\n\t\t\t\t\t \n\t\t\t\t"},{"key":"pricePerUnit","value":"(21.36 €/kg)"},{"key":"productDetailsName","value":"VEGINI - Pizza Cubes Pomodoro - 140 G"},{"key":"detailsDescription","value":"140 G"},{"key":"articleNumber","value":"Artikelnummer: 2020001807079"},{"key":"Lagerhinweis:","value":["Gekühlt bei max. 7 °C"]},{"key":"Zutaten:","value":["Zutaten: Trinkwasser, Erbsenprotein, Tomatenmark (12%), Erbsenfaser, Sonnenblumenöl, Aceto Balsamico di Modena IGP (Weinessig, Traubenmostkonzentrat), getrocknete Kräuter, Ahornsirup, Kartoffelstärke, Gewürze, Salz."]},{"key":"Zubereitung:","value":["Braten mit wenig FettZubereitung: Kurz in wenig Öl anbraten oder als Pizzabelag verwenden und genießen, fertig in wenigen Minuten."]},{"key":"Verbrauchen nach dem Öffnen:","value":["1 Tage"]},{"key":"Verwendungshinweis:","value":["Nach dem Öffnen innerhalb eines Tages aufbrauchen."]},{"key":"Kontakt:","value":["VeggieMeat GmbH","Diamantplatz 1, 3304 St. Georgen/Y., Österreich"]}],"nutritions":[{"key":"","value":"Unzubereitet"},{"key":" ","value":"100 g"},{"key":"Energie","value":"928 kJ | 222 kcal"},{"key":"Fett","value":"11 g"},{"key":"Fett, davon gesättigte Fettsäuren","value":"1,4 g"},{"key":"Kohlenhydrate","value":"3,1 g"},{"key":"Kohlenhydrate, davon Zucker","value":"2,4 g"},{"key":"Ballaststoffe","value":"5,4 g"},{"key":"Eiweiß","value":"26 g"},{"key":"Salz","value":"2,5 g"}],"tags":[]},
    {"url":"https://www.interspar.at/shop/lebensmittel/p/2020001869480","data":[{"key":"price","value":"2,39 €"},{"key":"oldPrice","value":"\n\t\t\t\t\t\n\t\t\t\t\t \n\t\t\t\t"},{"key":"pricePerUnit","value":"(4.78 €/kg)"},{"key":"productDetailsName","value":"Alpro - Ananas-Kokosnuss - 500 G"},{"key":"detailsDescription","value":"500 G"},{"key":"articleNumber","value":"Artikelnummer: 2020001869480"},{"key":"Lagerhinweis:","value":["Gekühlt aufbewahren bei max 7°C lagern. Nach Anbruch 5 Tage im Kühlschrank haltbar."]},{"key":"Zutaten:","value":["Zutaten: Wasser, geschälte SOJABOHNEN (9,7%), Zucker, Ananassaft aus Fruchtsaftkonzentrat (3,8%), Ananas (2,3%), Kokosraspel (0,8%), Tricalciumcitrat, Stabilisator: Pektine, Säureregulatoren: Citronensäure, Natriumcitrat; natürliches Aroma, Karottenextrakt, Meersalz, Antioxidationsmittel (stark tocopherolhaltige Extrakte, Fettsäureester der Ascorbinsäure), Vitamine (Riboflavin (B2), B12, D2), Joghurtkulturen (Str. thermophilus, L. bulgaricus). In Großbuchstaben angegebene Zutaten enthalten allergene Inhaltsstoffe."]},{"key":"Allergene:","value":["Kann Spuren enthalten von:Schalenfrüchte und daraus gewonnene Erzeugnisse","Enthält:Sojabohnen und daraus gewonnene Erzeugnisse"]},{"key":"","value":["Laktosefrei"]},{"key":"Kontakt:","value":["Felix Austria GmbH","Felixstraße 24, 7210 Mattersburg, Österreich","kundenservice@alpro.com","0800 202175"]}],"nutritions":[{"key":"","value":"Unzubereitet"},{"key":" ","value":"100 g"},{"key":"Energie","value":"324 kJ | 77 kcal"},{"key":"Fett","value":"2,6 g"},{"key":"Fett, davon gesättigte Fettsäuren","value":"0,8 g"},{"key":"Kohlenhydrate","value":"9,1 g"},{"key":"Kohlenhydrate, davon Zucker","value":"9,1 g"},{"key":"Ballaststoffe","value":"1 g"},{"key":"Eiweiß","value":"3,6 g"},{"key":"Salz","value":"0,15 g"},{"key":"Vitamin D","value":"0,75 µg | 15 %"},{"key":"Vitamin B 2, Riboflavin","value":"0,21 mg | 15 %"},{"key":"Vitamin B 12, Cyanocobalamin","value":"0,38 µg | 15 %"},{"key":"Kalzium","value":"120 mg | 15 %"},{"key":"Laktose","value":"0 g"}],"tags":["Vegan","Glutenfrei","Lactosefrei"]},
    {"url":"https://www.interspar.at/shop/lebensmittel/p/2020001869596","data":[{"key":"price","value":"2,39 €"},{"key":"oldPrice","value":"\n\t\t\t\t\t\n\t\t\t\t\t \n\t\t\t\t"},{"key":"pricePerUnit","value":"(4.78 €/kg)"},{"key":"productDetailsName","value":"Alpro - Soya Natur mit Hafer - 500 G"},{"key":"detailsDescription","value":"500 G"},{"key":"articleNumber","value":"Artikelnummer: 2020001869596"},{"key":"Lagerhinweis:","value":["Gekühlt aufbewahren bei max 7°C. Nach Anbruch 5 Tage im Kühlschrank haltbar."]},{"key":"Zutaten:","value":["Zutaten: Wasser, geschälte SOJABOHNEN (9,7%), HAFER (2,9%), Zichorienwurzel, Zucker,Tricalciumcitrat, Säureregulatoren (Natriumcitrat, Citronensäure), Stabilisator (Pektin), natürliches Aroma, Meersalz, Antioxidationsmittel (stark tocopherolhaltige Extrakte, Fettsäureester der Ascorbinsäure),Vitamine (B12, D2), Joghurtkulturen (Str.thermophilus, L. bulgaricus).  In Großbuchstaben angegebene Zutaten enthalten allergene Inhaltsstoffe."]},{"key":"Allergene:","value":["Kann Spuren enthalten von:Schalenfrüchte und daraus gewonnene Erzeugnisse","Enthält:Glutenhaltiges Getreide und daraus hergestellte Erzeugnisse, Sojabohnen und daraus gewonnene Erzeugnisse"]},{"key":"","value":["Laktosefrei"]},{"key":"Kontakt:","value":["Alpro C.V.A.","Vlamingstraat 28, 8560 Wevelgem, Belgien","0800 202175","kundenservice@alpro.com"]}],"nutritions":[{"key":"","value":"Unzubereitet"},{"key":" ","value":"100 g"},{"key":"Energie","value":"230 kJ | 55 kcal"},{"key":"Fett","value":"2 g"},{"key":"Fett, davon gesättigte Fettsäuren","value":"0,4 g"},{"key":"Kohlenhydrate","value":"3 g"},{"key":"Kohlenhydrate, davon Zucker","value":"1,9 g"},{"key":"Ballaststoffe","value":"2,3 g"},{"key":"Eiweiß","value":"3,8 g"},{"key":"Salz","value":"0,09 g"},{"key":"Vitamin D","value":"0,75 µg | 15 %"},{"key":"Vitamin B 12, Cyanocobalamin","value":"0,38 µg | 15 %"},{"key":"Kalzium","value":"120 mg | 15 %"},{"key":"Laktose","value":"0 g"}],"tags":["Vegan","Glutenfrei","Lactosefrei"]},
    {"url":"https://www.interspar.at/shop/lebensmittel/p/2431420","data":[{"key":"price","value":"1,99 €"},{"key":"oldPrice","value":"\n\t\t\t\t\t\n\t\t\t\t\t \n\t\t\t\t"},{"key":"pricePerUnit","value":"(11.71 €/kg)"},{"key":"productDetailsName","value":"SPAR enjoy - Ei-Schnittlauch-Sandwich - 170 G"},{"key":"detailsDescription","value":"170 G"},{"key":"articleNumber","value":"Artikelnummer: 2431420"},{"key":"Lagerhinweis:","value":["Vor und nach dem Öffnen gekühlt lagern bei +2°C bis +7°C. Nach dem Öffnen am selben Tag genießen."]},{"key":"Zutaten:","value":["Zutaten: 41% Weizenbrot [WEIZENMEHL, Trinkwasser, Speisesalz, Margarine (Palmfett, pflanzliche Öle (Raps, Kokos, Sonnenblumen), Trinkwasser, Emulgator: Mono- und Diglyceride von Speisefettsäuren), WEIZENGLUTEN, Hefe, Zucker, ROGGENMEHL, Säuerungsmittel: Essigsäure, Milchsäure; SOJAMEHL], 34% EIER, Mayonnnaise 50% Fett (Rapsöl, Trinkwasser, Zucker, Weingeistessig, Speisesalz, MAGERMILCHPULVER, EIGELB, SENFKORN, Gewürze, modifizierte Stärke, Säuerungsmittel: Milchsäure, Verdickungsmittel: Xanthan, Johannisbrotkernmehl, Guarkernmehl; Konservierungsstoff: Kaliumsorbat), Tomaten, 1,8% Schnittlauch. In Großbuchstaben angegebene Zutaten enthalten allergene Inhaltsstoffe."]},{"key":"Allergene:","value":["Enthält:Eier und daraus gewonnene Erzeugnisse, Glutenhaltiges Getreide und daraus hergestellte Erzeugnisse, Milch und daraus gewonnene Erzeugnisse (inkl. Laktose), Senf und daraus gewonnene Erzeugnisse, Sojabohnen und daraus gewonnene Erzeugnisse"]},{"key":"Ursprungsland/Herkunftsort:","value":["Sorgfältig hergestellt in Österreich"]},{"key":"Verbrauchen nach dem Öffnen:","value":["1 Tage"]},{"key":"Kontakt:","value":["SPAR Österr. Warenhandels-AG","Europastraße 3, 5015 Salzburg, Österreich"]}],"nutritions":[{"key":"","value":"Unzubereitet"},{"key":" ","value":"100 g"},{"key":"Energie","value":"960 kJ | 230 kcal"},{"key":"Fett","value":"12 g"},{"key":"Fett, davon gesättigte Fettsäuren","value":"2,1 g"},{"key":"Kohlenhydrate","value":"22 g"},{"key":"Kohlenhydrate, davon Zucker","value":"2 g"},{"key":"Ballaststoffe","value":"1 g"},{"key":"Eiweiß","value":"7,9 g"},{"key":"Salz","value":"1,1 g"},{"key":"Broteinheiten","value":"1,8 BE"}],"tags":[]},
    {"url":"https://www.interspar.at/shop/lebensmittel/p/2628257","data":[{"key":"price","value":"1,99 €"},{"key":"oldPrice","value":"\n\t\t\t\t\t\n\t\t\t\t\t \n\t\t\t\t"},{"key":"pricePerUnit","value":"(1.99 €/l)"},{"key":"productDetailsName","value":"Joya Drink - Soja Drink Frisch + Calcium - 1 L"},{"key":"detailsDescription","value":"1 L"},{"key":"articleNumber","value":"Artikelnummer: 2628257"},{"key":"Lagerhinweis:","value":["Gekühlt (+2°C bis +6°C) aufbewahren. Nach dem Öffnen im Kühlschrank 4 Tage haltbar."]},{"key":"Zutaten:","value":["Zutaten: Sojabasis 96% (Wasser, SOJABOHNEN 8,8%), Rübenzucker, Glukosesirup, Calciumcarbonat, Salz. In Großbuchstaben angegebene Zutaten enthalten allergene Inhaltsstoffe."]},{"key":"Allergene:","value":["Enthält:Sojabohnen und daraus gewonnene Erzeugnisse"]},{"key":"","value":["Soja enthält von Natur aus Isoflavoneohne Aromazusatz"]},{"key":"","value":["Frei von Milchproteinen","Laktosefrei","Glutenfrei"]},{"key":"Verbrauchen nach dem Öffnen:","value":["4 Tage"]},{"key":"Verwendungshinweis:","value":["Vor Genuss schütteln."]},{"key":"Kontakt:","value":["Mona Naturprodukte GmbH","Lehargasse 11, 1060 Wien, Österreich","+4318972300-520","+4318972300","info@joya-soja.at"]}],"nutritions":[{"key":"","value":"Unzubereitet"},{"key":" ","value":"100 ml"},{"key":"Energie","value":"212 kJ | 51 kcal"},{"key":"Fett","value":"2,1 g"},{"key":"Fett, davon gesättigte Fettsäuren","value":"0,3 g"},{"key":"Fett, davon einfach ungesättigte Fettsäuren","value":"0,4 g"},{"key":"Fett, davon mehrfach ungesättigte Fettsäuren","value":"1,3 g"},{"key":"Kohlenhydrate","value":"3,9 g"},{"key":"Kohlenhydrate, davon Zucker","value":"3,5 g"},{"key":"Ballaststoffe","value":"0,6 g"},{"key":"Eiweiß","value":"3,7 g"},{"key":"Salz","value":"0,1 g"},{"key":"Kalzium","value":"120 mg | 15 %"},{"key":"Isoflavone","value":"17 mg"}],"tags":["Vegan","Glutenfrei","Lactosefrei"]},
    {"url":"https://www.interspar.at/shop/lebensmittel/p/3217450","data":[{"key":"price","value":"1,19 €"},{"key":"oldPrice","value":"\n\t\t\t\t\t\n\t\t\t\t\t \n\t\t\t\t"},{"key":"pricePerUnit","value":"(5.95 €/kg)"},{"key":"productDetailsName","value":"Joya - Soya Crèmesse - 200 G"},{"key":"detailsDescription","value":"200 G"},{"key":"articleNumber","value":"Artikelnummer: 3217450"},{"key":"Lagerhinweis:","value":["Gekühlt (2-6°C) aufbewahren. Nach dem Öffnen im Kühlschrank 3 Tage haltbar."]},{"key":"Zutaten:","value":["Zutaten: Sojabasis 77,2% (Wasser, SOJABOHNEN 8,3%), Sonnenblumenöl, Maisstärke, Zucker, Salz, vegane Milchsäurekulturen. In Großbuchstaben angegebene Zutaten enthalten allergene Inhaltsstoffe."]},{"key":"Allergene:","value":["Enthält:Sojabohnen und daraus gewonnene Erzeugnisse"]},{"key":"","value":["- Soja enthält von Natur aus Isoflavone- ohne Aromazusatz"]},{"key":"","value":["Frei von Milchproteinen","Glutenfrei"]},{"key":"Zusatztext:","value":["- Kein Milcherzeugnis- wie Sauerrahm zu verwenden- Soja aus Österreich"]},{"key":"Verbrauchen nach dem Öffnen:","value":["3 Tage"]},{"key":"Kontakt:","value":["Mona Naturprodukte GmbH","Lehargasse 11, 1060 Wien, Österreich","+4318972300-520","info@joya-soja.at","+4318972300"]}],"nutritions":[{"key":"","value":"Unzubereitet"},{"key":" ","value":"100 g"},{"key":"Energie","value":"512 kJ | 124 kcal"},{"key":"Fett","value":"11,2 g"},{"key":"Fett, davon gesättigte Fettsäuren","value":"1,4 g"},{"key":"Kohlenhydrate","value":"1,8 g"},{"key":"Kohlenhydrate, davon Zucker","value":"0,8 g"},{"key":"Eiweiß","value":"3,6 g"},{"key":"Salz","value":"0,1 g"},{"key":"Isoflavone","value":"15 mg"}],"tags":["Vegan","Glutenfrei","Lactosefrei"]},
    {"url":"https://www.interspar.at/shop/lebensmittel/p/7319556","data":[{"key":"price","value":"2,99 €"},{"key":"oldPrice","value":"\n\t\t\t\t\t\n\t\t\t\t\t \n\t\t\t\t"},{"key":"pricePerUnit","value":"(14.95 €/kg)"},{"key":"productDetailsName","value":"Garden Gourmet - Vegetarische Klösschen - 200 G"},{"key":"detailsDescription","value":"200 G"},{"key":"articleNumber","value":"Artikelnummer: 7319556"},{"key":"Lagerhinweis:","value":["Gekühlt lagern bei bis zu +7°C."]},{"key":"Zutaten:","value":["Zutaten: Trinkwasser, 17% SOJAEIWEISS, 7% WEIZENEIWEISS, Mayonnaise (Sonnenblumenöl, Weingeistessig, HÜHNEREIGELB, SENFKÖRNER, jodiertes Speisesalz (Speisesalz, Kaliumjodat), Zucker), 3,7% pflanzliche Öle (Raps, Sonnenblume), HÜHNEREIEIWEISSPULVER, Hefeextrakt, Zwiebelpulver, Maisstärke, Weingeistessig, WEIZENMEHL, Speisesalz, Zitronenfaser, Knoblauchpulver, Gewürze (Paprika, weißer Pfeffer, Rosmarin), GERSTENMALZEXTRAKT, Rote Beete Pulver, Gewürzextrakt. In Großbuchstaben angegebene Zutaten enthalten allergene Inhaltsstoffe."]},{"key":"Allergene:","value":["Kann Spuren enthalten von:Sellerie und daraus gewonnene Erzeugnisse, Sesamsamen und daraus gewonnene Erzeugnisse","Enthält:Eier und daraus gewonnene Erzeugnisse, Glutenhaltiges Getreide und daraus hergestellte Erzeugnisse, Senf und daraus gewonnene Erzeugnisse, Sojabohnen und daraus gewonnene Erzeugnisse"]},{"key":"Zubereitung:","value":["Zubereitung in der MikrowelleFür 30 Sekunden bei max. 1000 Watt in die Mikowelle erhitzen, zwischendurch wenden.","BackenIm vorgeheizten Backofen bei 180°C für 6-8 Minuten backen, zwischendurch wenden.","Braten mit wenig FettIn einer Pfanne mit etwas Öl bei schwacher Hitze 4 Minuten braten, zwischendurch wenden."]},{"key":"Ursprungsland/Herkunftsort:","value":["Tschechische Republik"]},{"key":"Kontakt:","value":["Tivall Europe B.V.","Westerholter Str. 750-770, 45701 Herten, Deutschland"]}],"nutritions":[{"key":"","value":"Unzubereitet"},{"key":" ","value":"100 g"},{"key":"Energie","value":"836 kJ | 201 kcal"},{"key":"Fett","value":"10 g"},{"key":"Fett, davon gesättigte Fettsäuren","value":"1,1 g"},{"key":"Kohlenhydrate","value":"2 g"},{"key":"Kohlenhydrate, davon Zucker","value":"2 g"},{"key":"Ballaststoffe","value":"7,3 g"},{"key":"Eiweiß","value":"22 g"},{"key":"Salz","value":"1,4 g"},{"key":"","value":"Unzubereitet"},{"key":" ","value":"Portion (70 g)"},{"key":"Energie","value":"585 kJ | 141 kcal | 7 %"},{"key":"Fett","value":"7 g | 10 %"},{"key":"Fett, davon gesättigte Fettsäuren","value":"0,8 g | 4 %"},{"key":"Kohlenhydrate","value":"1,4 g | 1 %"},{"key":"Kohlenhydrate, davon Zucker","value":"1,4 g | 2 %"},{"key":"Ballaststoffe","value":"5,1 g"},{"key":"Eiweiß","value":"15,4 g | 31 %"},{"key":"Salz","value":"0,98 g | 16 %"}],"tags":["Vegetarisch","Vegan"]},
    {"url":"https://www.interspar.at/shop/lebensmittel/p/7534270","data":[{"key":"price","value":"1,99 €"},{"key":"oldPrice","value":"\n\t\t\t\t\t\n\t\t\t\t\t \n\t\t\t\t"},{"key":"pricePerUnit","value":"(3.98 €/kg)"},{"key":"productDetailsName","value":"Joya - Soya Bio Natur - 500 G"},{"key":"detailsDescription","value":"500 G"},{"key":"articleNumber","value":"Artikelnummer: 7534270"},{"key":"Lagerhinweis:","value":["Nach dem Öffnen im Kühlschrank 3 Tage haltbar. Gekühlt (+2°C bis +6°C) aufbewahren."]},{"key":"Zutaten:","value":["Zutaten: Sojabasis 99 % (Wasser, SOJABOHNEN* 11 %), Maisstärke*; Salz; Jogurtkulturen. *Biologische Landwirtschaft-EG Kontrollsystem. In Großbuchstaben angegebene Zutaten enthalten allergene Inhaltsstoffe."]},{"key":"Allergene:","value":["Enthält:Sojabohnen und daraus gewonnene Erzeugnisse"]},{"key":"","value":["zuckerfrei Soja enthält von Natur aus Isoflavoneohne Aromazusatz"]},{"key":"","value":["Frei von Milchproteinen","Glutenfrei","Laktosefrei"]},{"key":"Bio-Kontrollstelle:","value":["AT-BIO-902"]},{"key":"Ökoherkunft:","value":["EU-Landwirtschaft"]},{"key":"Verbrauchen nach dem Öffnen:","value":["3 Tage"]},{"key":"Kontakt:","value":["Mona Naturprodukte GmbH","Lehargasse 11, 1060 Wien, Österreich","+4318972300","+4318972300-520","info@joya-soja.at"]}],"nutritions":[{"key":"","value":"Unzubereitet"},{"key":" ","value":"100 g"},{"key":"Energie","value":"211 kJ | 50 kcal"},{"key":"Fett","value":"2,6 g"},{"key":"Fett, davon gesättigte Fettsäuren","value":"0,4 g"},{"key":"Fett, davon einfach ungesättigte Fettsäuren","value":"0,5 g"},{"key":"Fett, davon mehrfach ungesättigte Fettsäuren","value":"1,6 g"},{"key":"Kohlenhydrate","value":"1,6 g"},{"key":"Kohlenhydrate, davon Zucker","value":"0 g"},{"key":"Ballaststoffe","value":"0,9 g"},{"key":"Eiweiß","value":"4,7 g"},{"key":"Salz","value":"0,08 g"},{"key":"Isoflavone","value":"15 mg"}],"tags":["Bio","Vegan","Glutenfrei","Lactosefrei"]},
    {"url":"https://www.interspar.at/shop/lebensmittel/p/7605185","data":[{"key":"price","value":"2,59 €"},{"key":"oldPrice","value":"\n\t\t\t\t\t\n\t\t\t\t\t \n\t\t\t\t"},{"key":"pricePerUnit","value":"(8.63 €/kg)"},{"key":"productDetailsName","value":"SPAR Feine Küche - Kärntner Kasnudeln - 300 G"},{"key":"detailsDescription","value":"300 G"},{"key":"articleNumber","value":"Artikelnummer: 7605185"},{"key":"Lagerhinweis:","value":["Vor und nach dem Öffnen gekühlt bei +2°C bis +7°C lagern und nach dem Öffnen innerhalb von 2 Tagen verbrauchen.."]},{"key":"Zutaten:","value":["Zutaten: WEIZENMEHL, Wasser, TOPFEN 19%, EIER* 6%, Kartoffelflocken 6%, Kartoffeln 5%, HARTWEIZENGRIESS, BUTTER, Speisesalz jodiert (Speisesalz, Kaliumjodid), Rapsöl, Zwiebeln, Kräuter, Maltodextrin, Gewürze, Dextrose, natürliches Aroma, Gewürzextrakte, Antioxidationsmittel: Ascorbinsäure. *Eier aus Bodenhaltung. In Großbuchstaben angegebene Zutaten enthalten allergene Inhaltsstoffe."]},{"key":"Allergene:","value":["Enthält:Eier und daraus gewonnene Erzeugnisse, Glutenhaltiges Getreide und daraus hergestellte Erzeugnisse, Milch und daraus gewonnene Erzeugnisse (inkl. Laktose)"]},{"key":"","value":["Ohne Konservierungsstoffe","Ohne Farbstoffe"]},{"key":"Zubereitung:","value":["Zubereitung in der Mikrowelle1 Portion (150g) Kärntner Kasnudeln auf einen Teller legen, mit 2 Esslöffeln Wasser benetzen und bei 700 Watt ca. 3 Minuten erwärmen.","Dampfgaren1 Portion (150g) Kärntner Kasnudeln auf ein Lochblech legen, den Dampf auf Maximalleistung 100 °C einstellen und ca. 6 Minuten dämpfen.","Sieden in kochender Flüssigkeit1 Portion (150g) Kärntner Kasnudeln in kochendem, leicht gesalzenem Wasser ca. 3 Minuten ziehen lassen."]},{"key":"Zusatztext:","value":["Feinschmeckertipp: Die heißen Kasnudeln mit geriebenem Parmesan bestreuen und mit frischem grünen Salat servieren."]},{"key":"Ursprungsland/Herkunftsort:","value":["hergestellt in Kärnten"]},{"key":"Verbrauchen nach dem Öffnen:","value":["2 Tage"]},{"key":"Kontakt:","value":["SPAR Österr. Warenhandels-AG","Europastraße 3, 5015 Salzburg, Österreich"]}],"nutritions":[{"key":"","value":"Unzubereitet"},{"key":" ","value":"100 g"},{"key":"Energie","value":"742 kJ | 176 kcal"},{"key":"Fett","value":"2,3 g"},{"key":"Fett, davon gesättigte Fettsäuren","value":"1 g"},{"key":"Kohlenhydrate","value":"31 g"},{"key":"Kohlenhydrate, davon Zucker","value":"1,3 g"},{"key":"Ballaststoffe","value":"1,6 g"},{"key":"Eiweiß","value":"6,9 g"},{"key":"Salz","value":"0,99 g"},{"key":"Broteinheiten","value":"2,6 BE"},{"key":"","value":"Unzubereitet"},{"key":" ","value":"Portion (150 g)"},{"key":"Energie","value":"1113 kJ | 263 kcal | 13 %"},{"key":"Fett","value":"3,5 g | 5 %"},{"key":"Fett, davon gesättigte Fettsäuren","value":"1,5 g | 8 %"},{"key":"Kohlenhydrate","value":"47 g"},{"key":"Kohlenhydrate, davon Zucker","value":"2 g | 2 %"},{"key":"Ballaststoffe","value":"2,4 g"},{"key":"Eiweiß","value":"10 g"},{"key":"Salz","value":"1,5 g | 25 %"},{"key":"Broteinheiten","value":"3,9 BE"}],"tags":[]},
    {"url":"https://www.interspar.at/shop/lebensmittel/p/7605246","data":[{"key":"price","value":"2,59 €"},{"key":"oldPrice","value":"\n\t\t\t\t\t\n\t\t\t\t\t \n\t\t\t\t"},{"key":"pricePerUnit","value":"(8.63 €/kg)"},{"key":"productDetailsName","value":"SPAR Feine Küche - Tiroler Schlutzkrapfen - 300 G"},{"key":"detailsDescription","value":"300 G"},{"key":"articleNumber","value":"Artikelnummer: 7605246"},{"key":"Lagerhinweis:","value":["Vor und nach dem Öffnen gekühlt bei +2°C bis +7°C lagern und nach dem Öffnen innerhalb von 2 Tagen verbrauchen."]},{"key":"Zutaten:","value":["Zutaten: HARTWEIZENGRIESS, Wasser, TOPFEN 10%, TIROLER GRAUKÄSE 9%, EIER* 5%, Kartoffelflocken, WEIZENMEHL, Rapsöl, Blattspinat, Speisesalz jodiert (Speisesalz, Kaliumjodid), Zwiebeln, Maltodextrin, Gewürze, Dextrose, natürliches Aroma, Gewürzextrakte, Hefe. *aus Bodenhaltung. In Großbuchstaben angegebene Zutaten enthalten allergene Inhaltsstoffe."]},{"key":"Allergene:","value":["Enthält:Eier und daraus gewonnene Erzeugnisse, Glutenhaltiges Getreide und daraus hergestellte Erzeugnisse, Milch und daraus gewonnene Erzeugnisse (inkl. Laktose)"]},{"key":"","value":["Ohne Farbstoffe","Ohne Konservierungsstoffe"]},{"key":"Zubereitung:","value":["Simmern/Köcheln1 Portion (150g) Tiroler Schlutzkrapferl in kochendem, leicht gesalzenem Wasser ca. 2 Minuten ziehen lassen.","Zubereitung in der MikrowelleBeutel vom Reiter lösen und mehrmals einstechen oder auf einen Teller geben. Mit etwas Wasser benetzen und ca. 1-2 Minuten erwärmen.","Dampfgaren1 Portion (150g) Tiroler Schlutzkrapferl auf ein Lochblech legen, den Dampf auf Maximalleistung 100°C einstellen und ca. 4 Minuten dämpfen."]},{"key":"Ursprungsland/Herkunftsort:","value":["hergestellt in Österreich"]},{"key":"Verbrauchen nach dem Öffnen:","value":["2 Tage"]},{"key":"Kontakt:","value":["SPAR Österr. Warenhandels-AG","Europastraße 3, 5015 Salzburg, Österreich"]}],"nutritions":[{"key":"","value":"Unzubereitet"},{"key":" ","value":"100 g"},{"key":"Energie","value":"784 kJ | 186 kcal"},{"key":"Fett","value":"3,1 g"},{"key":"Fett, davon gesättigte Fettsäuren","value":"0,5 g"},{"key":"Kohlenhydrate","value":"29 g"},{"key":"Kohlenhydrate, davon Zucker","value":"0,9 g"},{"key":"Ballaststoffe","value":"2,9 g"},{"key":"Eiweiß","value":"9 g"},{"key":"Salz","value":"1,1 g"},{"key":"Broteinheiten","value":"2,4 BE"},{"key":"","value":"Unzubereitet"},{"key":" ","value":"Portion (150 g)"},{"key":"Energie","value":"1176 kJ | 279 kcal | 14 %"},{"key":"Fett","value":"4,7 g | 7 %"},{"key":"Fett, davon gesättigte Fettsäuren","value":"0,8 g | 4 %"},{"key":"Kohlenhydrate","value":"44 g"},{"key":"Kohlenhydrate, davon Zucker","value":"1,4 g | 2 %"},{"key":"Ballaststoffe","value":"4,4 g"},{"key":"Eiweiß","value":"14 g"},{"key":"Salz","value":"1,7 g | 28 %"},{"key":"Broteinheiten","value":"3,6 BE"}],"tags":[]},
    {"url":"https://www.interspar.at/shop/lebensmittel/p/7831645","data":[{"key":"price","value":"2,29 €"},{"key":"oldPrice","value":"\n\t\t\t\t\t\n\t\t\t\t\t \n\t\t\t\t"},{"key":"pricePerUnit","value":"(4.58 €/kg)"},{"key":"productDetailsName","value":"Joya - Soya Bio Vanille - 500 G"},{"key":"detailsDescription","value":"500 G"},{"key":"articleNumber","value":"Artikelnummer: 7831645"},{"key":"Lagerhinweis:","value":["Gekühlt (+2°C bis +6°C) aufbewahren. Nach dem Öffnen im Kühlschrank 3 Tage haltbar."]},{"key":"Zutaten:","value":["Zutaten: Sojabasis* 81% (Wasser, SOJABOHNEN* 11%); Rübenzucker*; Maisstärke*; Bourbon Vanilleschotenextrakt*; Salz; Zitronensaftkonzentrat*; Bourbon Vanilleschoten gemahlen*; natürliches Vanillearoma; Curcuma*; Jogurtkulturen. (*Biologische Landwirtschaft-EG Kontrollsystem). In Großbuchstaben angegebene Zutaten enthalten allergene Inhaltsstoffe."]},{"key":"Allergene:","value":["Enthält:Sojabohnen und daraus gewonnene Erzeugnisse"]},{"key":"","value":["Soja enthält von Natur aus Isoflavone"]},{"key":"","value":["Laktosefrei","Glutenfrei","Frei von Milchproteinen"]},{"key":"Bio-Kontrollstelle:","value":["AT-BIO-902"]},{"key":"Ökoherkunft:","value":["EU-Landwirtschaft"]},{"key":"Verbrauchen nach dem Öffnen:","value":["3 Tage"]},{"key":"Kontakt:","value":["Mona Naturprodukte GmbH","Lehargasse 11, 1060 Wien, Österreich","+4318972300","+4318972300-520","info@joya-soja.at"]}],"nutritions":[{"key":"","value":"Unzubereitet"},{"key":" ","value":"100 g"},{"key":"Energie","value":"319 kJ | 76 kcal"},{"key":"Fett","value":"2,1 g"},{"key":"Fett, davon gesättigte Fettsäuren","value":"0,3 g"},{"key":"Fett, davon einfach ungesättigte Fettsäuren","value":"0,5 g"},{"key":"Fett, davon mehrfach ungesättigte Fettsäuren","value":"1,3 g"},{"key":"Kohlenhydrate","value":"10 g"},{"key":"Kohlenhydrate, davon Zucker","value":"8,6 g"},{"key":"Ballaststoffe","value":"0,8 g"},{"key":"Eiweiß","value":"3,8 g"},{"key":"Salz","value":"0,17 g"},{"key":"Isoflavone","value":"15 mg"}],"tags":["Bio","Vegan","Glutenfrei","Lactosefrei"]},
    {"url":"https://www.interspar.at/shop/lebensmittel/p/7832239","data":[{"key":"price","value":"1,79 €"},{"key":"oldPrice","value":"\n\t\t\t\t\t\n\t\t\t\t\t \n\t\t\t\t"},{"key":"pricePerUnit","value":"(7.16 €/kg)"},{"key":"productDetailsName","value":"Alpro - Soya Brotaufstrich - 250 G"},{"key":"detailsDescription","value":"250 G"},{"key":"articleNumber","value":"Artikelnummer: 7832239"},{"key":"Lagerhinweis:","value":["Beste Lagerung zwischen +2°C und +12°C. Nach Anbruch im Kühlschrank aufbewahren."]},{"key":"Zutaten:","value":["Zutaten: Wasser, 38% pflanzliche Öle und Fette (davon 75% SOJAÖL, Palme, Kokos), Emulgatoren (Mono- und Diglyceride von Speisefettsäuren), Stabilisator (Kaliumalginat), Salz (0,4%), Säuerungsmittel: Citronensäure, Konservierungsstoff (Kaliumsorbat), Aroma, Farbstoff (Carotine), Vitamine (A, D). In Großbuchstaben angegebene Zutaten enthalten allergene Inhaltsstoffe."]},{"key":"Allergene:","value":["Enthält:Sojabohnen und daraus gewonnene Erzeugnisse"]},{"key":"Kontakt:","value":["Felix-Austria GmbH","Felixstrasse 24, 7210 Mattersburg, Österreich"]}],"nutritions":[{"key":"","value":"Unzubereitet"},{"key":" ","value":"100 g"},{"key":"Energie","value":"1409 kJ | 342 kcal"},{"key":"Fett","value":"38 g"},{"key":"Fett, davon gesättigte Fettsäuren","value":"10 g"},{"key":"Fett, davon einfach ungesättigte Fettsäuren","value":"9,5 g"},{"key":"Fett, davon mehrfach ungesättigte Fettsäuren","value":"18 g"},{"key":"Kohlenhydrate","value":"0 g"},{"key":"Kohlenhydrate, davon Zucker","value":"0 g"},{"key":"Ballaststoffe","value":"0,4 g"},{"key":"Eiweiß","value":"0 g"},{"key":"Salz","value":"0,4 g"},{"key":"Vitamin A","value":"700 µg | 87,5 %"},{"key":"Vitamin D","value":"6 µg | 120 %"},{"key":"","value":"Unzubereitet"},{"key":" ","value":"Portion (10 g)"},{"key":"Energie","value":"141 kJ | 34 kcal"},{"key":"Fett","value":"3,8 g"},{"key":"Fett, davon gesättigte Fettsäuren","value":"1 g"},{"key":"Fett, davon einfach ungesättigte Fettsäuren","value":"1 g"},{"key":"Fett, davon mehrfach ungesättigte Fettsäuren","value":"1,8 g"},{"key":"Kohlenhydrate","value":"0 g"},{"key":"Kohlenhydrate, davon Zucker","value":"0 g"},{"key":"Ballaststoffe","value":"< 0,1 g"},{"key":"Eiweiß","value":"0 g"},{"key":"Salz","value":"0,04 g"},{"key":"Vitamin A","value":"70 µg | 8,8 %"},{"key":"Vitamin D","value":"0,6 µg | 12 %"}],"tags":["Vegan","Lactosefrei"]},
    {"url":"https://www.interspar.at/shop/lebensmittel/p/2020001399086","data":[{"key":"price","value":"2,99 €"},{"key":"oldPrice","value":"\n\t\t\t\t\t\n\t\t\t\t\t \n\t\t\t\t"},{"key":"pricePerUnit","value":"(19.93 €/kg)"},{"key":"productDetailsName","value":"Garden Gourmet - Vegetarische gegrillte Filet - 150 G"},{"key":"detailsDescription","value":"150 G"},{"key":"articleNumber","value":"Artikelnummer: 2020001399086"},{"key":"Lagerhinweis:","value":["Kühl aufbewahren bis zu +7°C."]},{"key":"Zutaten:","value":["Zutaten: Trinkwasser, 10% SOJAEIWEISS, pflanzliche Öle (Sonnenblume, Raps in veränderlichen Gewichtsanteilen), Zwiebeln, HÜHNEREIEIWEISSPULVER, Mehl (WEIZEN, Reis), 3% WEIZENEIWEISS, Erbsenfasern, Stabilisatoren: Cellulose, Verdickungsmittel: Methylcellulose, Guarkernmehl; Stärke*, Maltodextrin**, Zwiebelpulver, Weingeistessig, Salz, Knoblauch, Hefeextrakt, hydrolisiertes Eiweiß (SOJA, Mais), Aromen (SELLERIE), Knoblauchpulver, Gewürze, Gewürzextrakt. *Mais, Erbse; **Kartoffel, Mais. In Großbuchstaben angegebene Zutaten enthalten allergene Inhaltsstoffe."]},{"key":"Allergene:","value":["Kann Spuren enthalten von:Senf und daraus gewonnene Erzeugnisse, Sesamsamen und daraus gewonnene Erzeugnisse","Enthält:Eier und daraus gewonnene Erzeugnisse, Glutenhaltiges Getreide und daraus hergestellte Erzeugnisse, Sellerie und daraus gewonnene Erzeugnisse, Sojabohnen und daraus gewonnene Erzeugnisse"]},{"key":"Zubereitung:","value":["Grillen mit direkter HitzeIn der Pfanne mit etwas Öl für 2-3 Minuten bei schwacher Hitze braten, zwischendurch wenden.","Zubereitung in der Mikrowelle50 Sekunden bei max. 1000 Watt erhitzen, zwischendurch wenden.","BackenIm vorgeheizten Backofen bei 180° 5-6 Minuten backen, zwischendurch wenden."]},{"key":"Kontakt:","value":["Tivall Europe B.V.","Westerholter Str. 750-770, 45701 Herten, Deutschland","www.gardengourmet.at"]}],"nutritions":[{"key":"","value":"Unzubereitet"},{"key":" ","value":"100 g"},{"key":"Energie","value":"630 kJ | 152 kcal"},{"key":"Fett","value":"7,5 g"},{"key":"Fett, davon gesättigte Fettsäuren","value":"0,8 g"},{"key":"Kohlenhydrate","value":"4,5 g"},{"key":"Kohlenhydrate, davon Zucker","value":"1 g"},{"key":"Ballaststoffe","value":"9 g"},{"key":"Eiweiß","value":"12 g"},{"key":"Salz","value":"1,3 g"},{"key":"","value":"Unzubereitet"},{"key":" ","value":"Portion (75 g)"},{"key":"Energie","value":"472 kJ | 114 kcal | 6 %"},{"key":"Fett","value":"5,6 g | 8 %"},{"key":"Fett, davon gesättigte Fettsäuren","value":"0,6 g | 3 %"},{"key":"Kohlenhydrate","value":"3,4 g | 1 %"},{"key":"Kohlenhydrate, davon Zucker","value":"0,8 g | 1 %"},{"key":"Ballaststoffe","value":"6,8 g"},{"key":"Eiweiß","value":"9 g | 18 %"},{"key":"Salz","value":"0,98 g | 16 %"}],"tags":[]},
    {"url":"https://www.interspar.at/shop/lebensmittel/p/2020001589746","data":[{"key":"price","value":"2,29 €"},{"key":"oldPrice","value":"\n\t\t\t\t\t\n\t\t\t\t\t \n\t\t\t\t"},{"key":"pricePerUnit","value":"(4.58 €/kg)"},{"key":"productDetailsName","value":"Joya - Soya Bio Erdbeere - 500 G"},{"key":"detailsDescription","value":"500 G"},{"key":"articleNumber","value":"Artikelnummer: 2020001589746"},{"key":"Lagerhinweis:","value":["Gekühlt (2-6 °C) aufbewahren. Nach dem Öffnen im Kühlschrank 3 Tage haltbar."]},{"key":"Zutaten:","value":["Zutaten: Sojabasis* 77,3% (Wasser, SOJABOHNEN* 10,8%), Erdbeeren* 10,0%, Rohrrohrzucker*, Aroniassaftkonzentrat*, Verdickungsmittel: Pektin; Zitronensaftkonzentrat*, Salz, natürliches Aroma, Jogurtkulturen. (*Biologische Landwirtschaft-EG Kontrollsystem). In Großbuchstaben angegebene Zutaten enthalten allergene Inhaltsstoffe."]},{"key":"Allergene:","value":["Enthält:Sojabohnen und daraus gewonnene Erzeugnisse"]},{"key":"","value":["ohne künstliche Aromen"]},{"key":"","value":["Glutenfrei"]},{"key":"Bio-Kontrollstelle:","value":["AT-BIO-902"]},{"key":"Ökoherkunft:","value":["EU-Landwirtschaft"]},{"key":"Verbrauchen nach dem Öffnen:","value":["3 Tage"]},{"key":"Kontakt:","value":["Mona Naturprodukte GmbH","Lehargasse 11, 1060 Wien, Österreich","+4318972300","+4318972300-520","info@joya-soja.at"]}],"nutritions":[{"key":"","value":"Unzubereitet"},{"key":" ","value":"100 g"},{"key":"Energie","value":"327 kJ | 78 kcal"},{"key":"Fett","value":"2,1 g"},{"key":"Fett, davon gesättigte Fettsäuren","value":"0,3 g"},{"key":"Fett, davon einfach ungesättigte Fettsäuren","value":"0,4 g"},{"key":"Fett, davon mehrfach ungesättigte Fettsäuren","value":"1,2 g"},{"key":"Kohlenhydrate","value":"10,5 g"},{"key":"Kohlenhydrate, davon Zucker","value":"9,5 g"},{"key":"Ballaststoffe","value":"1 g"},{"key":"Eiweiß","value":"3,7 g"},{"key":"Salz","value":"0,08 g"},{"key":"Isoflavone","value":"15 mg"}],"tags":["Bio","Vegan","Glutenfrei"]},
    {"url":"https://www.interspar.at/shop/lebensmittel/p/2020000780588","data":[{"key":"price","value":"2,99 €"},{"key":"oldPrice","value":"\n\t\t\t\t\t\n\t\t\t\t\t \n\t\t\t\t"},{"key":"pricePerUnit","value":"(29.90 €/kg)"},{"key":"productDetailsName","value":"SPAR PREMIUM Edition Johanna Maier - Kräuter-Butter - 100 G"},{"key":"detailsDescription","value":"100 G"},{"key":"articleNumber","value":"Artikelnummer: 2020000780588"},{"key":"Zutaten:","value":["Zutaten: 92,2% SÜSSRAHMBUTTER, Kräuter-Gewürz-Zubereitung (Kräutermischung (Petersilie, Thymian, Rosmarin, Liebstöckel, Salbei), Speisesalz jodiert (Salz, Natriumjodid), Gewürze (Knoblauch, Pfeffer schwarz, Pfeffer weiß, Rosa Beeren, Zwiebel), Dextrose). In Großbuchstaben angegebene Zutaten enthalten allergene Inhaltsstoffe."]},{"key":"Allergene:","value":["Enthält:Milch und daraus gewonnene Erzeugnisse (inkl. Laktose)"]},{"key":"Identitätskennzeichen:","value":["AT 92526 EG"]},{"key":"Ursprungsland/Herkunftsort:","value":["Sorgfältig hergestellt in Österreich"]},{"key":"Verwendungshinweis:","value":["Vor und nach dem Öffnen gekühlt bei 4-6C° lagern. Nach dem Öffnen innerhalb weniger Tage genießen."]},{"key":"Kontakt:","value":["SPAR Österr. Warenhandels-AG","Europastraße 3, 5015 Salzburg, Österreich"]}],"nutritions":[{"key":"","value":"Unzubereitet"},{"key":" ","value":"100 g"},{"key":"Energie","value":"2939 kJ | 714 kcal"},{"key":"Fett","value":"76 g"},{"key":"Fett, davon gesättigte Fettsäuren","value":"50 g"},{"key":"Kohlenhydrate","value":"4,3 g"},{"key":"Kohlenhydrate, davon Zucker","value":"1,5 g"},{"key":"Ballaststoffe","value":"< 0,3 g"},{"key":"Eiweiß","value":"3 g"},{"key":"Salz","value":"0,89 g"}],"tags":[]},
    {"url":"https://www.interspar.at/shop/lebensmittel/p/3307489","data":[{"key":"price","value":"0,45 €"},{"key":"oldPrice","value":"\n\t\t\t\t\t\n\t\t\t\t\t \n\t\t\t\t"},{"key":"pricePerUnit","value":"(1.80 €/l)"},{"key":"productDetailsName","value":"SPAR - Schokodrink - 250 ML"},{"key":"detailsDescription","value":"250 ML"},{"key":"articleNumber","value":"Artikelnummer: 3307489"},{"key":"Lagerhinweis:","value":["Nach dem Öffnen gekühlt lagern und innerhalb von 2 Tagen verbrauchen."]},{"key":"Zutaten:","value":["Zutaten: MILCH mit 1% Fett, Zucker, Schokoladenpulver (Kakaopulver, Zucker, Aroma (Vanillin)), Stabilisator: Carrageen.In Großbuchstaben angegebene Zutaten enthalten allergene Inhaltsstoffe."]},{"key":"Allergene:","value":["Enthält:Milch und daraus gewonnene Erzeugnisse (inkl. Laktose)"]},{"key":"Identitätskennzeichen:","value":["AT 50151 EG"]},{"key":"Ursprungsland/Herkunftsort:","value":["Sorgfältig hergestellt in Österreich"]},{"key":"Verbrauchen nach dem Öffnen:","value":["2 Tage"]},{"key":"Kontakt:","value":["SPAR Österr. Warenhandels-AG","Europastraße 3, 5015 Salzburg, Österreich"]}],"nutritions":[{"key":" ","value":"100 ml"},{"key":"","value":"Unzubereitet"},{"key":"Energie","value":"269 kJ | 64 kcal"},{"key":"Fett","value":"1,2 g"},{"key":"Fett, davon gesättigte Fettsäuren","value":"0,8 g"},{"key":"Kohlenhydrate","value":"9,6 g"},{"key":"Kohlenhydrate, davon Zucker","value":"9,5 g"},{"key":"Ballaststoffe","value":"0,5 g"},{"key":"Eiweiß","value":"3,4 g"},{"key":"Salz","value":"0,13 g"},{"key":"Broteinheiten","value":"0,8 BE"},{"key":" ","value":"Portion (250 ml)"},{"key":"","value":"Unzubereitet"},{"key":"Energie","value":"674 kJ | 160 kcal"},{"key":"Fett","value":"3 g"},{"key":"Fett, davon gesättigte Fettsäuren","value":"2 g"},{"key":"Kohlenhydrate","value":"24 g"},{"key":"Kohlenhydrate, davon Zucker","value":"24 g"},{"key":"Ballaststoffe","value":"1,3 g"},{"key":"Eiweiß","value":"8,5 g"},{"key":"Salz","value":"0,33 g"},{"key":"Broteinheiten","value":"2 BE"}],"tags":[]},
    {"url":"https://www.interspar.at/shop/lebensmittel/p/1207347","data":[{"key":"price","value":"1,09 €"},{"key":"oldPrice","value":"\n\t\t\t\t\t\n\t\t\t\t\t \n\t\t\t\t"},{"key":"pricePerUnit","value":"(1.09 €/l)"},{"key":"productDetailsName","value":"S-BUDGET - Wiener Eiskaffee - 1 L"},{"key":"detailsDescription","value":"1 L"},{"key":"articleNumber","value":"Artikelnummer: 1207347"},{"key":"Lagerhinweis:","value":["Ungekühlt haltbar. Nach dem Öffnen im Kühlschrank aufbewahren und innerhalb von 3 Tagen verbrauchen."]},{"key":"Zutaten:","value":["Zutaten: VOLLMILCH, Wasser, Zucker, Karamellzucker, Kaffee-Extrakt 0,3%, Aroma, Speisesalz, Stabilistor: Carrageen. In Großbuchstaben angegebene Zutaten enthalten allergene Inhaltsstoffe."]},{"key":"Allergene:","value":["Enthält:Milch und daraus gewonnene Erzeugnisse (inkl. Laktose)"]},{"key":"Identitätskennzeichen:","value":["AT 30960 EG"]},{"key":"Zusatztext:","value":["Tipp: Gekühlt genießen."]},{"key":"Ursprungsland/Herkunftsort:","value":["Qualität aus Österreich"]},{"key":"Verbrauchen nach dem Öffnen:","value":["3 Tage"]},{"key":"Verwendungshinweis:","value":["Vor dem Öffnen gut schütteln!"]},{"key":"Kontakt:","value":["SPAR Österr. Warenhandels-AG","Europastraße 3, 5015 Salzburg, Österreich"]}],"nutritions":[{"key":"","value":"Unzubereitet"},{"key":" ","value":"100 g"},{"key":"Energie","value":"228 kJ | 54 kcal"},{"key":"Fett","value":"1,8 g"},{"key":"Fett, davon gesättigte Fettsäuren","value":"1,1 g"},{"key":"Kohlenhydrate","value":"7,8 g"},{"key":"Kohlenhydrate, davon Zucker","value":"7,8 g"},{"key":"Ballaststoffe","value":"0 g"},{"key":"Eiweiß","value":"1,7 g"},{"key":"Salz","value":"0,1 g"},{"key":"Broteinheiten","value":"0,7 BE"}],"tags":["immer Billig"]},
    {"url":"https://www.interspar.at/shop/lebensmittel/p/3839249","data":[{"key":"price","value":"0,49 €"},{"key":"oldPrice","value":"\n\t\t\t\t\t\n\t\t\t\t\t \n\t\t\t\t"},{"key":"pricePerUnit","value":"(4.90 €/kg)"},{"key":"productDetailsName","value":"SPAR - österreichische Kaffesahne 10 x 10 g - 100 G"},{"key":"detailsDescription","value":"100 G"},{"key":"articleNumber","value":"Artikelnummer: 3839249"},{"key":"Lagerhinweis:","value":["Vor Licht und Wärme geschützt lagern."]},{"key":"Zutaten:","value":["Zutaten: KAFFESAHNE, 15% Fett. In Großbuchstaben angegebene Zutaten enthalten allergene Inhaltsstoffe."]},{"key":"Allergene:","value":["Enthält:Milch und daraus gewonnene Erzeugnisse (inkl. Laktose)"]},{"key":"Identitätskennzeichen:","value":["AT 40138 EG"]},{"key":"Zusatztext:","value":["extra cremig"]},{"key":"Ursprungsland/Herkunftsort:","value":["Qualität aus Österreich"]},{"key":"Kontakt:","value":["SPAR Österr. Warenhandels-AG","Europastraße 3, 5015 Salzburg, Österreich"]}],"nutritions":[{"key":" ","value":"100 g"},{"key":"","value":"Unzubereitet"},{"key":"Energie","value":"669 kJ | 162 kcal"},{"key":"Fett","value":"15 g"},{"key":"Fett, davon gesättigte Fettsäuren","value":"9,6 g"},{"key":"Kohlenhydrate","value":"3,8 g"},{"key":"Kohlenhydrate, davon Zucker","value":"3,8 g"},{"key":"Ballaststoffe","value":"0 g"},{"key":"Eiweiß","value":"2,9 g"},{"key":"Salz","value":"0,1 g"},{"key":"Broteinheiten","value":"0,3 BE"}],"tags":[]},
    {"url":"https://www.interspar.at/shop/lebensmittel/p/7718281","data":[{"key":"price","value":"0,59 €"},{"key":"oldPrice","value":"\n\t\t\t\t\t\n\t\t\t\t\t \n\t\t\t\t"},{"key":"pricePerUnit","value":"(1.18 €/l)"},{"key":"productDetailsName","value":"SPAR - Kakaodrink - 0,5 L"},{"key":"detailsDescription","value":"0,5 L"},{"key":"articleNumber","value":"Artikelnummer: 7718281"},{"key":"Lagerhinweis:","value":["Kurz vor dem Öffnen kühlen und gut schütteln. Nach dem Öffnen gekühlt lagern und alsbald verbrauchen."]},{"key":"Zutaten:","value":["Zutaten: fettarme MILCH, Invertzuckersirup, Kakaopulver 1,4%, Stabilisator Carageen, Speisesalz, Aroma. In Großbuchsstaben angegebene Zutaten enthalten allergene Inhaltsstoffe."]},{"key":"Allergene:","value":["Kann Spuren enthalten von:Sojabohnen und daraus gewonnene Erzeugnisse","Enthält:Milch und daraus gewonnene Erzeugnisse (inkl. Laktose)"]},{"key":"Identitätskennzeichen:","value":["DE NW 402 EG"]},{"key":"Ursprungsland/Herkunftsort:","value":["Sorgfältig hergestellt in Deutschland"]},{"key":"Kontakt:","value":["SPAR Österreichische Warenhandels-AG","Europastraße 3, 5015 Salzburg, Österreich"]}],"nutritions":[{"key":" ","value":"100 ml"},{"key":"","value":"Unzubereitet"},{"key":"Energie","value":"259 kJ | 61 kcal"},{"key":"Fett","value":"1,3 g"},{"key":"Fett, davon gesättigte Fettsäuren","value":"1,1 g"},{"key":"Kohlenhydrate","value":"9,2 g"},{"key":"Kohlenhydrate, davon Zucker","value":"9 g"},{"key":"Ballaststoffe","value":"0,4 g"},{"key":"Eiweiß","value":"3 g"},{"key":"Salz","value":"0,23 g"},{"key":"Broteinheiten","value":"0,8 BE"},{"key":" ","value":"Portion (250 ml)"},{"key":"","value":"Unzubereitet"},{"key":"Energie","value":"647 kJ | 153 kcal"},{"key":"Fett","value":"3,3 g"},{"key":"Fett, davon gesättigte Fettsäuren","value":"2,8 g"},{"key":"Kohlenhydrate","value":"23 g"},{"key":"Kohlenhydrate, davon Zucker","value":"23 g"},{"key":"Ballaststoffe","value":"1 g"},{"key":"Eiweiß","value":"7,5 g"},{"key":"Salz","value":"0,6 g"},{"key":"Broteinheiten","value":"1,9 BE"}],"tags":["immer Billig"]},
    {"url":"https://www.interspar.at/shop/lebensmittel/p/1451894","data":[{"key":"price","value":"0,92 €"},{"key":"oldPrice","value":"\n\t\t\t\t\t\n\t\t\t\t\t \n\t\t\t\t"},{"key":"pricePerUnit","value":"(18.50 €/kg)"},{"key":"productDetailsName","value":"SPAR Natur*pur - Bio-Emmentaler aus Bergbauern-Heumilch - 1 KG"},{"key":"detailsDescription","value":"1 KG"},{"key":"articleNumber","value":"Artikelnummer: 1451894"},{"key":"Lagerhinweis:","value":["Gekühlt lagern bei +4°c bis +6°C."]},{"key":"Allergene:","value":["Enthält:Milch und daraus gewonnene Erzeugnisse (inkl. Laktose)"]},{"key":"Bio-Kontrollstelle:","value":["AT-BIO-301"]},{"key":"Ökoherkunft:","value":["Österreich-Landwirtschaft"]},{"key":"Identitätskennzeichen:","value":["AT 70221 EG"]},{"key":"Zusatztext:","value":["AMA-Bio-Lizenznummer: 10028027"]},{"key":"Ursprungsland/Herkunftsort:","value":["Qualität aus Österreich"]},{"key":"Kontakt:","value":["SPAR Österr. Warenhandels-AG","Europastraße 3, 5015 Salzburg, Österreich"]}],"nutritions":[{"key":" ","value":"100 g"},{"key":"","value":"Unzubereitet"},{"key":"Energie","value":"1604 kJ | 383 kcal"},{"key":"Fett","value":"30 g"},{"key":"Fett, davon gesättigte Fettsäuren","value":"18,2 g"},{"key":"Kohlenhydrate","value":"0 g"},{"key":"Kohlenhydrate, davon Zucker","value":"0 g"},{"key":"Ballaststoffe","value":"0 g"},{"key":"Eiweiß","value":"28,7 g"},{"key":"Salz","value":"0,5 g"}],"tags":["Gekühlt","Bio","Lactosefrei"]},
    {"url":"https://www.interspar.at/shop/lebensmittel/p/7272318","data":[{"key":"price","value":"3,39 €"},{"key":"oldPrice","value":"\n\t\t\t\t\t\n\t\t\t\t\t \n\t\t\t\t"},{"key":"pricePerUnit","value":"(13.56 €/kg)"},{"key":"productDetailsName","value":"SPAR Natur*pur - Bio-Emmentaler aus Heumilch - 250 G"},{"key":"detailsDescription","value":"250 G"},{"key":"articleNumber","value":"Artikelnummer: 7272318"},{"key":"Lagerhinweis:","value":["Vor und nach dem Öffnen gekühlt lagern. Nach dem Öffnen innerhalb weniger Tage aufbrauchen."]},{"key":"Zutaten:","value":["Zutaten: ROHMILCH, Käsereikulturen, mikrobielles Lab, Speisesalz unjodiert. *aus biologischer Landwirtschaft. In Großbuchstaben angegebene Zutaten enthalten allergene Inhaltsstoffe."]},{"key":"Allergene:","value":["Enthält:Milch und daraus gewonnene Erzeugnisse (inkl. Laktose)"]},{"key":"","value":["Laktosefrei"]},{"key":"Bio-Kontrollstelle:","value":["AT-BIO-902"]},{"key":"Ökoherkunft:","value":["Österreich-Landwirtschaft"]},{"key":"Identitätskennzeichen:","value":["AT 50190 EG"]},{"key":"Zusatztext:","value":["Kontrolliert durch AT-BIO-301"]},{"key":"Ursprungsland/Herkunftsort:","value":["Qualität aus Österreich"]},{"key":"Kontakt:","value":["SPAR Österr. Warenhandels-AG","Europastraße 3, 5015 Salzburg, Österreich"]}],"nutritions":[{"key":"","value":"Unzubereitet"},{"key":" ","value":"100 g"},{"key":"Energie","value":"1603 kJ | 386 kcal"},{"key":"Fett","value":"30 g"},{"key":"Fett, davon gesättigte Fettsäuren","value":"20 g"},{"key":"Kohlenhydrate","value":"0 g"},{"key":"Kohlenhydrate, davon Zucker","value":"0 g"},{"key":"Ballaststoffe","value":"0 g"},{"key":"Eiweiß","value":"29 g"},{"key":"Salz","value":"0,8 g"},{"key":"Broteinheiten","value":"0 BE"}],"tags":["Gekühlt","Bio","Lactosefrei"]},
    {"url":"https://www.interspar.at/shop/lebensmittel/p/105682","data":[{"key":"price","value":"0,95 €"},{"key":"oldPrice","value":"\n\t\t\t\t\t\n\t\t\t\t\t \n\t\t\t\t"},{"key":"pricePerUnit","value":"(0.95 €/l)"},{"key":"productDetailsName","value":"Schärdinger - Formil H-Leichtmilch 0,5% Fett - 1 L"},{"key":"detailsDescription","value":"1 L"},{"key":"articleNumber","value":"Artikelnummer: 105682"},{"key":"Lagerhinweis:","value":["Ungeöffnete Packungen sind ungekühlt lagerfähig. Nach dem Öffnen gekühlt lagern und innerhalb weniger Tage verbrauchen."]},{"key":"Zutaten:","value":["Zutaten: MILCH. In Großbuchstaben angegebene Zutaten enthalten allergene Inhaltsstoffe."]},{"key":"Allergene:","value":["Enthält:Milch und daraus gewonnene Erzeugnisse (inkl. Laktose)"]},{"key":"Identitätskennzeichen:","value":["AT 30751 EG"]},{"key":"Kontakt:","value":["Berglandmilch eGen","Schubertstraße 30, 4600 Wels, Österreich"]}],"nutritions":[{"key":"","value":"Unzubereitet"},{"key":" ","value":"100 ml"},{"key":"Energie","value":"158 kJ | 37 kcal"},{"key":"Fett","value":"0,5 g"},{"key":"Fett, davon gesättigte Fettsäuren","value":"0,3 g"},{"key":"Kohlenhydrate","value":"4,8 g"},{"key":"Kohlenhydrate, davon Zucker","value":"4,8 g"},{"key":"Eiweiß","value":"3,4 g"},{"key":"Salz","value":"0,13 g"},{"key":"Kalzium","value":"120 mg"}],"tags":[]},
    {"url":"https://www.interspar.at/shop/lebensmittel/p/1574883","data":[{"key":"price","value":"1,39 €"},{"key":"oldPrice","value":"\n\t\t\t\t\t\n\t\t\t\t\t \n\t\t\t\t"},{"key":"pricePerUnit","value":"(1.85 €/kg)"},{"key":"productDetailsName","value":"Schärdinger - Wintertraum weisse Schoko Kokos - 750 G"},{"key":"detailsDescription","value":"750 G"},{"key":"articleNumber","value":"Artikelnummer: 1574883"},{"key":"Lagerhinweis:","value":["Vor dem Öffnen schütteln! Vor und nach dem Öffnen gekühlt lagern. Nach dem Öffnen innerhalb weniger Tage verbrauchen."]},{"key":"Zutaten:","value":["Zutaten: 85% MILCH, Zucker, 1,3 % Kokosnussmilch (57 % Kokosnuss, Wasser),Glucose-Fructose-Sirup, 1 % weiße Schokolade (Zucker, Kakaobutter [20 %], VOLLMILCHPULVER, Emulgator Sonnenblumenlecithin, Vanillepulver), modifizierte Stärke, Stabilisatoren Carrageen, Guarkernmehl, Xanthan, Aroma. In Großbuchstaben angegebene Zutaten enthalten allergene Inhaltstoffe."]},{"key":"Allergene:","value":["Enthält:Milch und daraus gewonnene Erzeugnisse (inkl. Laktose)"]},{"key":"Identitätskennzeichen:","value":["AT 20141 EG"]},{"key":"Kontakt:","value":["Berglandmilch eGen","Schubertstraße 30, 4600 Wels, Österreich"]}],"nutritions":[{"key":"","value":"Unzubereitet"},{"key":" ","value":"100 g"},{"key":"Energie","value":"353 kJ | 84 kcal"},{"key":"Fett","value":"2,7 g"},{"key":"Fett, davon gesättigte Fettsäuren","value":"1,7 g"},{"key":"Kohlenhydrate","value":"12 g"},{"key":"Kohlenhydrate, davon Zucker","value":"11,6 g"},{"key":"Eiweiß","value":"2,9 g"},{"key":"Salz","value":"0,1 g"}],"tags":[]},
    {"url":"https://www.interspar.at/shop/lebensmittel/p/2020001334032","data":[{"key":"price","value":"1,39 €"},{"key":"oldPrice","value":"\n\t\t\t\t\t\n\t\t\t\t\t \n\t\t\t\t"},{"key":"pricePerUnit","value":"(1.85 €/kg)"},{"key":"productDetailsName","value":"Schärdinger - Wintertraum Apfel-Zimt Karamell - 750 G"},{"key":"detailsDescription","value":"750 G"},{"key":"articleNumber","value":"Artikelnummer: 2020001334032"},{"key":"Lagerhinweis:","value":["Vor und nach dem Öffnen gekühlt bei max. 6 °C lagern. Nach dem Öffnen innerhalb weniger Tage verbrauchen."]},{"key":"Zutaten:","value":["Zutaten: 87 % MILCH, Zucker, 5 % Apfelpüree, 2 % Apfelsaft aus Apfelsaftkonzentrat, Karamellcreme (karamellisierter Glucose-Fructose-Sirup, karamellisierter Zucker, gezuckerte KONDENSMILCH, Wasser), Zimt, Vanilleextrakt, modifizierte Stärke, Stabilisator: Guarkernmehl, Carrageen; Säureregulator: Citronensäure, Aromen. In Großbuchstaben angegebene Zutaten enthalten allergene Inhaltstoffe."]},{"key":"Allergene:","value":["Enthält:Milch und daraus gewonnene Erzeugnisse (inkl. Laktose)"]},{"key":"Identitätskennzeichen:","value":["AT 20141 EG"]},{"key":"Kontakt:","value":["Berglandmilch eGen","Schubertstraße 30, 4600 Wels, Österreich"]}],"nutritions":[{"key":"","value":"Unzubereitet"},{"key":" ","value":"100 g"},{"key":"Energie","value":"331 kJ | 79 kcal"},{"key":"Fett","value":"2,5 g"},{"key":"Fett, davon gesättigte Fettsäuren","value":"1,7 g"},{"key":"Kohlenhydrate","value":"11 g"},{"key":"Kohlenhydrate, davon Zucker","value":"11 g"},{"key":"Eiweiß","value":"3 g"},{"key":"Salz","value":"0,1 g"}],"tags":[]},
    {"url":"https://www.interspar.at/shop/lebensmittel/p/2387628","data":[{"key":"price","value":"1,39 €"},{"key":"oldPrice","value":"\n\t\t\t\t\t\n\t\t\t\t\t \n\t\t\t\t"},{"key":"pricePerUnit","value":"(1.85 €/kg)"},{"key":"productDetailsName","value":"Schärdinger - Wintertraum Nuss Nougat - 750 G"},{"key":"detailsDescription","value":"750 G"},{"key":"articleNumber","value":"Artikelnummer: 2387628"},{"key":"Lagerhinweis:","value":["Vor dem Öffnen schütteln! Vor und nach dem Öffnen gekühlt lagern. Nach dem Öffnen innerhalb weniger Tage verbrauchen."]},{"key":"Zutaten:","value":["Zutaten: MILCH, Zucker, 0,8% HASELNUSSPASTE, 0,4% Kakaopulver, Glucose-Fructose-Sirup, modifizierte Stärke, Stabilisatoren Carrageen, Guarkernmehl, Xanthan, Säureregulator Citronensäure, Aromen. In Großbuchstaben angegebene Zutaten enthalten allergene Inhaltstoffe."]},{"key":"Allergene:","value":["Enthält:Milch und daraus gewonnene Erzeugnisse (inkl. Laktose), Schalenfrüchte und daraus gewonnene Erzeugnisse"]},{"key":"Identitätskennzeichen:","value":["AT 20141 EG"]},{"key":"Kontakt:","value":["Berglandmilch eGen","Schubertstraße 30, 4600 Wels, Österreich"]}],"nutritions":[{"key":"","value":"Unzubereitet"},{"key":" ","value":"100 g"},{"key":"Energie","value":"356 kJ | 85 kcal"},{"key":"Fett","value":"3,1 g"},{"key":"Fett, davon gesättigte Fettsäuren","value":"1,7 g"},{"key":"Kohlenhydrate","value":"11 g"},{"key":"Kohlenhydrate, davon Zucker","value":"10,7 g"},{"key":"Eiweiß","value":"3,2 g"},{"key":"Salz","value":"0,12 g"}],"tags":[]},
    {"url":"https://www.interspar.at/shop/lebensmittel/p/3926093","data":[{"key":"price","value":"1,45 €"},{"key":"oldPrice","value":"\n\t\t\t\t\t\n\t\t\t\t\t \n\t\t\t\t"},{"key":"pricePerUnit","value":"(14.50 €/kg)"},{"key":"productDetailsName","value":"Kärntnermilch - Zitronenbutter - 100 G"},{"key":"detailsDescription","value":"100 G"},{"key":"articleNumber","value":"Artikelnummer: 3926093"},{"key":"Lagerhinweis:","value":["Gekühlt lagern. Nach dem Öffnen gekühlt lagern und innerhalb von 3 Tagen verbrauchen."]},{"key":"Zutaten:","value":["Zutaten: TEEBUTTER, Zitronenzubereitung (10% Zitronenschalen, Wasser, Salz, schwarzer Pfeffer, Branntweinessig). In Großbuchstaben angegebene Zutaten enthalten allergene Inhaltsstoffe."]},{"key":"Allergene:","value":["Enthält:Milch und daraus gewonnene Erzeugnisse (inkl. Laktose)"]},{"key":"Ursprungsland/Herkunftsort:","value":["Österreich"]},{"key":"Verbrauchen nach dem Öffnen:","value":["3 Tage"]},{"key":"Kontakt:","value":["Kärntnermilch reg. Gen.m.b.H.","Villacher Straße 92-94, 9800 Spittal an der Drau, Österreich"]}],"nutritions":[{"key":"","value":"Unzubereitet"},{"key":" ","value":"100 g"},{"key":"Energie","value":"2503 kJ | 608 kcal"},{"key":"Fett","value":"66 g"},{"key":"Fett, davon gesättigte Fettsäuren","value":"46 g"},{"key":"Kohlenhydrate","value":"2,3 g"},{"key":"Kohlenhydrate, davon Zucker","value":"2,3 g"},{"key":"Eiweiß","value":"0,8 g"},{"key":"Salz","value":"2 g"}],"tags":[]},
    {"url":"https://www.interspar.at/shop/lebensmittel/p/4073642","data":[{"key":"price","value":"1,39 €"},{"key":"oldPrice","value":"\n\t\t\t\t\t\n\t\t\t\t\t \n\t\t\t\t"},{"key":"pricePerUnit","value":"(1.85 €/kg)"},{"key":"productDetailsName","value":"Schärdinger - Schoko Traum - 750 G"},{"key":"detailsDescription","value":"750 G"},{"key":"articleNumber","value":"Artikelnummer: 4073642"},{"key":"Lagerhinweis:","value":["Vor und nach dem Öffnen gekühlt lagern. Nach dem Öffnen innerhalb weniger Tage verbrauchen."]},{"key":"Zutaten:","value":["Zutaten: MILCH, Zucker, Glucose-Fructose-Sirup, 1% Schokoladepulver, 1% Magerkakaopulver, modifizierte Stärke, Stabilisatoren: Guarkernmehl, Carrageen; Säuerungsmittel: Citronensäure, Aroma. In Großbuchstaben angegebene Zutaten enthalten allergene Inhaltsstoffe."]},{"key":"Allergene:","value":["Enthält:Milch und daraus gewonnene Erzeugnisse (inkl. Laktose)"]},{"key":"Identitätskennzeichen:","value":["AT 20141 EG"]},{"key":"Ursprungsland/Herkunftsort:","value":["Österreich"]},{"key":"Verwendungshinweis:","value":["Vor dem Öffnen gut schütteln!"]},{"key":"Kontakt:","value":["Berglandmilch eGen","Schubertstrasse 30, 4600 Wels, Österreich"]}],"nutritions":[{"key":"","value":"Unzubereitet"},{"key":" ","value":"100 g"},{"key":"Energie","value":"366 kJ | 87 kcal"},{"key":"Fett","value":"3,1 g"},{"key":"Fett, davon gesättigte Fettsäuren","value":"1,8 g"},{"key":"Kohlenhydrate","value":"12 g"},{"key":"Kohlenhydrate, davon Zucker","value":"11 g"},{"key":"Eiweiß","value":"3,2 g"},{"key":"Salz","value":"0,1 g"}],"tags":[]},
    {"url":"https://www.interspar.at/shop/lebensmittel/p/4234654","data":[{"key":"price","value":"1,39 €"},{"key":"oldPrice","value":"\n\t\t\t\t\t\n\t\t\t\t\t \n\t\t\t\t"},{"key":"pricePerUnit","value":"(1.85 €/kg)"},{"key":"productDetailsName","value":"Schärdinger - Vanille Traum - 750 G"},{"key":"detailsDescription","value":"750 G"},{"key":"articleNumber","value":"Artikelnummer: 4234654"},{"key":"Lagerhinweis:","value":["Vor und nach dem Öffnen gekühlt lagern. Nach dem Öffnen innerhalb weniger Tage verbrauchen."]},{"key":"Zutaten:","value":["Zutaten: MILCH, Zucker, Glucose-Fructose-Sirup, Karamellsirup, modifizierte Stärke, Stabilisatoren: Guarkernmehl, Carrageen; Farbstoff: Beta-Carotin, Bourbon-Vanilleschotenextrakt, natürliches Vanillearoma mit anderen natürlichen Aromen. In Großbuchstaben angegebene Zutaten enthalten allergene Inhaltsstoffe."]},{"key":"Allergene:","value":["Enthält:Milch und daraus gewonnene Erzeugnisse (inkl. Laktose)"]},{"key":"Identitätskennzeichen:","value":["AT 20141 EG"]},{"key":"Ursprungsland/Herkunftsort:","value":["Österreich"]},{"key":"Verwendungshinweis:","value":["Vor dem Öffnen gut schütteln!"]},{"key":"Kontakt:","value":["Berglandmilch eGen","Schubertstrasse 30, 4600 Wels, Österreich"]}],"nutritions":[{"key":"","value":"Unzubereitet"},{"key":" ","value":"100 g"},{"key":"Energie","value":"328 kJ | 78 kcal"},{"key":"Fett","value":"2,7 g"},{"key":"Fett, davon gesättigte Fettsäuren","value":"1,8 g"},{"key":"Kohlenhydrate","value":"10 g"},{"key":"Kohlenhydrate, davon Zucker","value":"10 g"},{"key":"Eiweiß","value":"3,1 g"},{"key":"Salz","value":"0,13 g"}],"tags":[]},
    {"url":"https://www.interspar.at/shop/lebensmittel/p/4635826","data":[{"key":"price","value":"1,39 €"},{"key":"oldPrice","value":"\n\t\t\t\t\t\n\t\t\t\t\t \n\t\t\t\t"},{"key":"pricePerUnit","value":"(1.85 €/kg)"},{"key":"productDetailsName","value":"Schärdinger - Bananen Traum - 750 G"},{"key":"detailsDescription","value":"750 G"},{"key":"articleNumber","value":"Artikelnummer: 4635826"},{"key":"Lagerhinweis:","value":["Vor und nach dem Öffnen gekühlt lagern. Nach dem Öffnen innerhalb weniger Tage verbrauchen."]},{"key":"Zutaten:","value":["Zutaten: MILCH, 7% Bananenpüree, 5% Bananensaft aus Bananensaftkonzentrat, Zucker, Glucose-Fructose-Sirup, modifizierte Stärke, Stabilisatoren: Guarkernmehl, Carrageen; Säureregulatoren: Citronensäure, Natriumcitrate; Karottenextrakt, Aroma. In Großbuchstaben angegebene Zutaten enthalten allergene Inhaltsstoffe."]},{"key":"Allergene:","value":["Enthält:Milch und daraus gewonnene Erzeugnisse (inkl. Laktose)"]},{"key":"Identitätskennzeichen:","value":["AT 20141 EG"]},{"key":"Ursprungsland/Herkunftsort:","value":["Österreich"]},{"key":"Verwendungshinweis:","value":["Vor dem Öffnen gut schütteln!"]},{"key":"Kontakt:","value":["Berglandmilch eGen","Schubertstrasse 30, 4600 Wels, Österreich"]}],"nutritions":[{"key":"","value":"Unzubereitet"},{"key":" ","value":"100 g"},{"key":"Energie","value":"321 kJ | 76 kcal"},{"key":"Fett","value":"2,4 g"},{"key":"Fett, davon gesättigte Fettsäuren","value":"1,6 g"},{"key":"Kohlenhydrate","value":"11 g"},{"key":"Kohlenhydrate, davon Zucker","value":"10 g"},{"key":"Eiweiß","value":"3 g"},{"key":"Salz","value":"0,13 g"}],"tags":[]},
    {"url":"https://www.interspar.at/shop/lebensmittel/p/4956624","data":[{"key":"price","value":"1,39 €"},{"key":"oldPrice","value":"\n\t\t\t\t\t\n\t\t\t\t\t \n\t\t\t\t"},{"key":"pricePerUnit","value":"(1.85 €/kg)"},{"key":"productDetailsName","value":"Schärdinger - Erdbeer Traum - 750 G"},{"key":"detailsDescription","value":"750 G"},{"key":"articleNumber","value":"Artikelnummer: 4956624"},{"key":"Lagerhinweis:","value":["Vor und nach dem Öffnen gekühlt lagern. Nach dem Öffnen innerhalb weniger Tage verbrauchen."]},{"key":"Zutaten:","value":["Zutaten: 73% SAUERMILCH, Wasser, Zucker, 2,6% Erdbeerpüree, 1,4% Erdbeersaft aus Erdbeersaftkonzentrat, Glucose-Fructose-Sirup, modifizierte Stärke, Stabilisatoren: Pektin, Guarkernmehl; Säureregulator: Natriumcitrate, Farbstoff: Echtes Karmin. In Großbuchstaben angegebene Zutaten enthalten allergene Inhaltsstoffe."]},{"key":"Allergene:","value":["Enthält:Milch und daraus gewonnene Erzeugnisse (inkl. Laktose)"]},{"key":"Identitätskennzeichen:","value":["AT 20141 EG"]},{"key":"Ursprungsland/Herkunftsort:","value":["Österreich"]},{"key":"Verwendungshinweis:","value":["Vor dem Öffnen gut schütteln!"]},{"key":"Kontakt:","value":["Berglandmilch eGen","Schubertstrasse 30, 4600 Wels, Österreich"]}],"nutritions":[{"key":"","value":"Unzubereitet"},{"key":" ","value":"100 g"},{"key":"Energie","value":"325 kJ | 77 kcal"},{"key":"Fett","value":"2,6 g"},{"key":"Fett, davon gesättigte Fettsäuren","value":"1,7 g"},{"key":"Kohlenhydrate","value":"11 g"},{"key":"Kohlenhydrate, davon Zucker","value":"10 g"},{"key":"Eiweiß","value":"2,4 g"},{"key":"Salz","value":"0,08 g"}],"tags":[]},
    {"url":"https://www.interspar.at/shop/lebensmittel/p/7700101","data":[{"key":"price","value":"0,99 €"},{"key":"oldPrice","value":"\n\t\t\t\t\t\n\t\t\t\t\t \n\t\t\t\t"},{"key":"pricePerUnit","value":"(4.50 €/l)"},{"key":"productDetailsName","value":"Nestlé Nesquik - to go - 220 ML"},{"key":"detailsDescription","value":"220 ML"},{"key":"articleNumber","value":"Artikelnummer: 7700101"},{"key":"Lagerhinweis:","value":["Ungeöffnet bei Raumtemperatur lagern und nach dem Öffnen gleich verbrauchen."]},{"key":"Zutaten:","value":["Zutaten: MAGERMILCH, VOLLMILCH, Zucker, Wasser, fettarmer Kakao (0,9%), Invertzuckersirup, Dextrose, Speisesalz, Aroma Vanillin, Zimt. In Großbuchstaben angegebene Zutaten enthalten allergene Inhaltsstoffe."]},{"key":"Allergene:","value":["Kann Spuren enthalten von:Glutenhaltiges Getreide und daraus hergestellte Erzeugnisse, Schalenfrüchte und daraus gewonnene Erzeugnisse","Enthält:Milch und daraus gewonnene Erzeugnisse (inkl. Laktose)"]},{"key":"Identitätskennzeichen:","value":["AT 30960 EG"]},{"key":"Zusatztext:","value":["Achten Sie generell auf eine abwechslungsreiche und ausgewogene Ernährung und eine gesunde Lebensweise."]},{"key":"Verwendungshinweis:","value":["Vor dem Öffnen gut schütteln."]},{"key":"Kontakt:","value":["Nestlé Österreich GmbH","Am Euro Platz 2, 1120 Wien, Österreich","0800 066 660"]}],"nutritions":[{"key":"","value":"Unzubereitet"},{"key":" ","value":"100 ml"},{"key":"Energie","value":"286 kJ | 68 kcal"},{"key":"Fett","value":"1,5 g"},{"key":"Fett, davon gesättigte Fettsäuren","value":"0,9 g"},{"key":"Kohlenhydrate","value":"10 g"},{"key":"Kohlenhydrate, davon Zucker","value":"9,8 g"},{"key":"Ballaststoffe","value":"0,3 g"},{"key":"Eiweiß","value":"3,4 g"},{"key":"Salz","value":"0,1 g"},{"key":"Kalzium","value":"109 mg | 14 %"},{"key":"","value":"Unzubereitet"},{"key":" ","value":"Portion (220 ml)"},{"key":"Energie","value":"629 kJ | 149 kcal | 7 %"},{"key":"Fett","value":"3,3 g | 4 %"},{"key":"Fett, davon gesättigte Fettsäuren","value":"2 g | 10 %"},{"key":"Kohlenhydrate","value":"22 g | 8 %"},{"key":"Kohlenhydrate, davon Zucker","value":"21,6 g | 24 %"},{"key":"Ballaststoffe","value":"0,7 g"},{"key":"Eiweiß","value":"7,5 g | 15 %"},{"key":"Salz","value":"0,22 g | 4 %"},{"key":"Kalzium","value":"240 mg | 30 %"}],"tags":["immer Billig"]},
    {"url":"https://www.interspar.at/shop/lebensmittel/p/7705045","data":[{"key":"price","value":"1,49 €"},{"key":"oldPrice","value":"\n\t\t\t\t\t\n\t\t\t\t\t \n\t\t\t\t"},{"key":"pricePerUnit","value":"(1.49 €/l)"},{"key":"productDetailsName","value":"Alex - Family Schoko-Milch - 1 L"},{"key":"detailsDescription","value":"1 L"},{"key":"articleNumber","value":"Artikelnummer: 7705045"},{"key":"Lagerhinweis:","value":["Ungeöffnet, ungekühlt mindestens haltbar bis: siehe Oberseite. Nach dem Öffnen gekühlt lagern und innerhalb von 2 Tagen verbrauchen."]},{"key":"Zutaten:","value":["Zutaten: MILCH mit 1,5 % Fett, Zucker, 2,1 % Schokoladepulver (Kakaopulver*, Zucker, Aroma (Vanillin)), Vollmilchpulver, Stabilisator: Carrageen. *1,5 % im Endprodukt. In Großbuchstaben angegebene Zutaten enthalten allergene Inhaltstoffe."]},{"key":"Allergene:","value":["Enthält:Milch und daraus gewonnene Erzeugnisse (inkl. Laktose)"]},{"key":"Identitätskennzeichen:","value":["AT 50151 EG"]},{"key":"Kontakt:","value":["SalzburgMilch GmbH","Milchstraße 1, 5020 Salzburg, Österreich","0662/2455-105","0662/2455"]}],"nutritions":[{"key":"","value":"Unzubereitet"},{"key":" ","value":"100 ml"},{"key":"Energie","value":"307 kJ | 73 kcal"},{"key":"Fett","value":"1,9 g"},{"key":"Fett, davon gesättigte Fettsäuren","value":"1,2 g"},{"key":"Kohlenhydrate","value":"10 g"},{"key":"Kohlenhydrate, davon Zucker","value":"10 g"},{"key":"Eiweiß","value":"3,6 g"},{"key":"Salz","value":"0,13 g"}],"tags":[]},
    {"url":"https://www.interspar.at/shop/lebensmittel/p/2020001039234","data":[{"key":"price","value":"1,39 €"},{"key":"oldPrice","value":"\n\t\t\t\t\t\n\t\t\t\t\t \n\t\t\t\t"},{"key":"pricePerUnit","value":"(1.39 €/l)"},{"key":"productDetailsName","value":"NÖM - Kakao Milch - 1 L"},{"key":"detailsDescription","value":"1 L"},{"key":"articleNumber","value":"Artikelnummer: 2020001039234"},{"key":"Lagerhinweis:","value":["gekühlt (3-9°C). Nach dem Öffnen gekühlt lagern und innerhalb von 1-2 Tagen verbrauchen."]},{"key":"Zutaten:","value":["Zutaten: Teilentrahmte gentechnikfreie*** MILCH mit 1,5% Fett, Zucker, 1,2% Magerkakaopulver, Stabilisator: Carrageen, Speisesalz, Aroma. ***laut Definition des Österreichischen Lebensmittelcodex für gentechnikfreie Produktion; Kontrolle durch agroVet GmbH. In Großbuchstaben angegebene Zutaten enthalten allergene Inhaltstoffe."]},{"key":"Allergene:","value":["Enthält:Milch und daraus gewonnene Erzeugnisse (inkl. Laktose)"]},{"key":"Identitätskennzeichen:","value":["AT 30960 EG"]},{"key":"Kontakt:","value":["Nöm AG","Vöslauer Straße 109, 2500 Baden, Österreich"]}],"nutritions":[{"key":"","value":"Unzubereitet"},{"key":"Energie","value":"287 kJ | 68 kcal | 3 %"},{"key":"Fett","value":"1,5 g | 2 %"},{"key":"Fett, davon gesättigte Fettsäuren","value":"0,9 g | 5 %"},{"key":"Kohlenhydrate","value":"10 g | 4 %"},{"key":"Kohlenhydrate, davon Zucker","value":"10 g | 11 %"},{"key":"Eiweiß","value":"3,6 g | 7 %"},{"key":"Salz","value":"0,1 g | 2 %"}],"tags":[]},
    {"url":"https://www.interspar.at/shop/lebensmittel/p/2020001682300","data":[{"key":"price","value":"1,39 €"},{"key":"oldPrice","value":"\n\t\t\t\t\t\n\t\t\t\t\t \n\t\t\t\t"},{"key":"pricePerUnit","value":"(1.85 €/kg)"},{"key":"productDetailsName","value":"Schärdinger - Sommertraum dunkle Schoko Kokos - 750 G"},{"key":"detailsDescription","value":"750 G"},{"key":"articleNumber","value":"Artikelnummer: 2020001682300"},{"key":"Lagerhinweis:","value":["Vor und nach dem Öffnen gekühlt bie 3-6°C lagern. Nach dem Öffnen innerhalb weniger Tage verbrauchen."]},{"key":"Zutaten:","value":["Zutaten: MILCH, Zucker, 1,3% Kokosnusscreme (Kokosnuss, Wasser Stabilisator Xanthan), 0,7% Schokoladenkuvertüre (Kakaomasse, Zucker, Kakaobutter, Emulgator Lecithine), Kakaopulver, modifizierte Stärke, Stabilisator Carrageen, Guarkernmehl; SäureregulatorNatriumcitrate, Milchsäure; natürliche Aromen. In Großbuchstaben angegebene Zutaten enthalten allergene Inhaltstoffe."]},{"key":"Allergene:","value":["Enthält:Milch und daraus gewonnene Erzeugnisse (inkl. Laktose)"]},{"key":"Identitätskennzeichen:","value":["AT 20141 EG"]},{"key":"Kontakt:","value":["Berglandmilch eGen","Schubertstraße 30, 4600 Wels, Österreich"]}],"nutritions":[{"key":"","value":"Unzubereitet"},{"key":"Energie","value":"355 kJ | 85 kcal"},{"key":"Fett","value":"3,1 g"},{"key":"Fett, davon gesättigte Fettsäuren","value":"2,1 g"},{"key":"Kohlenhydrate","value":"11 g"},{"key":"Kohlenhydrate, davon Zucker","value":"11 g"},{"key":"Eiweiß","value":"3,1 g"},{"key":"Salz","value":"0,12 g"}],"tags":[]},
    {"url":"https://www.interspar.at/shop/lebensmittel/p/3864425","data":[{"key":"price","value":"0,79 €"},{"key":"oldPrice","value":"\n\t\t\t\t\t\n\t\t\t\t\t \n\t\t\t\t"},{"key":"pricePerUnit","value":"(3.16 €/l)"},{"key":"productDetailsName","value":"NÖM - to go Café Cappuccino - 250 ML"},{"key":"detailsDescription","value":"250 ML"},{"key":"articleNumber","value":"Artikelnummer: 3864425"},{"key":"Lagerhinweis:","value":["Nach dem Öffnen gekühlt lagern und innerhalb von 1-2 Tagen verbrauchen."]},{"key":"Zutaten:","value":["Zutaten: VOLLMILCH, MAGERMILCH, Wasser, Zucker, Dextrose, 0,8% Kaffee-Extrakt, Karamellzuckersirup, Stärke (Mais), Kakaopulver, Stabilisatoren: Carrageen, Guarkernmehl; Aroma, Speisesalz. In Großbuchstaben angegebene Zutaten enthalten allergene Inhaltsstoffe."]},{"key":"Allergene:","value":["Enthält:Milch und daraus gewonnene Erzeugnisse (inkl. Laktose)"]},{"key":"Identitätskennzeichen:","value":["AT 50164 EG"]},{"key":"Verbrauchen nach dem Öffnen:","value":["1 Tage"]},{"key":"Verwendungshinweis:","value":["Vor dem Öffnen gut schütteln."]},{"key":"Kontakt:","value":["NÖM AG","Vöslauer Straße 109, 2500 Baden, Österreich","0800 800 500"]}],"nutritions":[{"key":"","value":"Unzubereitet"},{"key":" ","value":"100 ml"},{"key":"Energie","value":"241 kJ | 57 kcal"},{"key":"Fett","value":"1,5 g"},{"key":"Fett, davon gesättigte Fettsäuren","value":"0,9 g"},{"key":"Kohlenhydrate","value":"8,2 g"},{"key":"Kohlenhydrate, davon Zucker","value":"8 g"},{"key":"Eiweiß","value":"2,7 g"},{"key":"Salz","value":"0,11 g"}],"tags":[]},
    {"url":"https://www.interspar.at/shop/lebensmittel/p/3864449","data":[{"key":"price","value":"0,79 €"},{"key":"oldPrice","value":"\n\t\t\t\t\t\n\t\t\t\t\t \n\t\t\t\t"},{"key":"pricePerUnit","value":"(3.16 €/l)"},{"key":"productDetailsName","value":"NÖM - to go Café Latte Macchiato - 250 ML"},{"key":"detailsDescription","value":"250 ML"},{"key":"articleNumber","value":"Artikelnummer: 3864449"},{"key":"Lagerhinweis:","value":["Ungekühlt haltbar. Nach dem Öffnen gekühlt lagern und innerhalb von 1-2 Tagen verbrauchen."]},{"key":"Zutaten:","value":["Zutaten: VOLLMILCH*, MAGERMILCH*, Wasser, Zucker, 0,5% Kaffee-Extrakt, Karamellzuckersirup, Stärke (Mais), Stabilisatoren: Carrageen, Guarkernmehl; Aroma, Koffein, Speisesalz. *gentechnikfrei laut Definition des Österreichischen Lebensmittelkodex für gentechnikfreie Produktion; Kontrolle durch agroVet GmbH. In Großbuchstaben angegebene Zutaten enthalten allergene Inhaltsstoffe."]},{"key":"Allergene:","value":["Enthält:Milch und daraus gewonnene Erzeugnisse (inkl. Laktose)"]},{"key":"Identitätskennzeichen:","value":["AT 50164 EG"]},{"key":"Verbrauchen nach dem Öffnen:","value":["1 Tage"]},{"key":"Verwendungshinweis:","value":["Vor dem Öffnen gut schütteln."]},{"key":"Kontakt:","value":["NÖM AG","Vöslauer Straße 109, 2500 Baden, Österreich","0800 800 500"]}],"nutritions":[{"key":"","value":"Unzubereitet"},{"key":" ","value":"100 ml"},{"key":"Energie","value":"241 kJ | 57 kcal"},{"key":"Fett","value":"1,5 g"},{"key":"Fett, davon gesättigte Fettsäuren","value":"0,9 g"},{"key":"Kohlenhydrate","value":"8,3 g"},{"key":"Kohlenhydrate, davon Zucker","value":"8,1 g"},{"key":"Eiweiß","value":"2,6 g"},{"key":"Salz","value":"0,11 g"}],"tags":[]},
    {"url":"https://www.interspar.at/shop/lebensmittel/p/5157815","data":[{"key":"price","value":"0,89 €"},{"key":"oldPrice","value":"\n\t\t\t\t\t\n\t\t\t\t\t \n\t\t\t\t"},{"key":"pricePerUnit","value":"(1.78 €/l)"},{"key":"productDetailsName","value":"NÖM - Kakaomilch - 0,5 L"},{"key":"detailsDescription","value":"0,5 L"},{"key":"articleNumber","value":"Artikelnummer: 5157815"},{"key":"Lagerhinweis:","value":["Gekühlt (+ 3-9 °C) lagern und nach dem Öffnen innerhalb von 1-2 Tagen verbrauchen."]},{"key":"Zutaten:","value":["Zutaten: Teilentrahmte gentechnikfreie* MILCH mit 1,5% Fett, Zucker, 1,2% Magerkakaopulver, Stabilisator: Carrageen; Speisesalz, Aroma (enthält LAKTOSE). *laut Definition des Österreichischen Lebensmittelcodex für gentechnikfreie Produktion; Kontrolle durch agroVet GmbH. In Großbuchstaben angegebene Zutaten enthalten allergene Inhaltsstoffe."]},{"key":"Allergene:","value":["Enthält:Milch und daraus gewonnene Erzeugnisse (inkl. Laktose)"]},{"key":"Identitätskennzeichen:","value":["AT 30960 EG"]},{"key":"Verbrauchen nach dem Öffnen:","value":["1 Tage"]},{"key":"Kontakt:","value":["NÖM AG","Vöslauer Straße 109, 2500 Baden, Österreich","0800 800 500"]}],"nutritions":[{"key":"","value":"Unzubereitet"},{"key":" ","value":"100 ml"},{"key":"Energie","value":"287 kJ | 68 kcal | 3 %"},{"key":"Fett","value":"1,5 g | 2 %"},{"key":"Fett, davon gesättigte Fettsäuren","value":"0,9 g | 5 %"},{"key":"Kohlenhydrate","value":"10 g | 4 %"},{"key":"Kohlenhydrate, davon Zucker","value":"10 g | 11 %"},{"key":"Eiweiß","value":"3,6 g | 7 %"},{"key":"Salz","value":"0,1 g | 2 %"},{"key":"Kalzium","value":"112 mg | 14 %"}],"tags":[]},
    {"url":"https://www.interspar.at/shop/lebensmittel/p/5161607","data":[{"key":"price","value":"0,89 €"},{"key":"oldPrice","value":"\n\t\t\t\t\t\n\t\t\t\t\t \n\t\t\t\t"},{"key":"pricePerUnit","value":"(1.78 €/l)"},{"key":"productDetailsName","value":"NÖM - Vanillemilch - 0,5 L"},{"key":"detailsDescription","value":"0,5 L"},{"key":"articleNumber","value":"Artikelnummer: 5161607"},{"key":"Lagerhinweis:","value":["Gekühlt (+ 3-9 °C) lagern und nach dem Öffnen innerhalb von 1-2 Tagen verbrauchen."]},{"key":"Zutaten:","value":["Zutaten: Teilentrahmte, gentechnikfreie MILCH* mit 1,5% Fett, Zucker, MAGERMILCHPULVER, Vanilleextrakt, Aroma, Stabilisatoren: Carrageen, Guarkernmehl; Farbstoff: Carotin, Speisesalz. *laut Definition des Österreichischen Lebensmittelcodex für gentechnikfreie Produktion; Kontrolle durch agroVet GmbH. In Großbuchstaben angegebene Zutaten enthalten allergene Inhaltsstoffe."]},{"key":"Allergene:","value":["Enthält:Milch und daraus gewonnene Erzeugnisse (inkl. Laktose)"]},{"key":"Identitätskennzeichen:","value":["AT 30960 EG"]},{"key":"Kontakt:","value":["NÖM AG","Vöslauer Straße 109, 2500 Baden, Österreich","0800 800 500"]}],"nutritions":[{"key":"","value":"Unzubereitet"},{"key":" ","value":"100 ml"},{"key":"Energie","value":"270 kJ | 64 kcal | 3 %"},{"key":"Fett","value":"1,4 g | 2 %"},{"key":"Fett, davon gesättigte Fettsäuren","value":"0,6 g | 4 %"},{"key":"Kohlenhydrate","value":"9,2 g | 4 %"},{"key":"Kohlenhydrate, davon Zucker","value":"9,1 g | 10 %"},{"key":"Eiweiß","value":"3,6 g | 7 %"},{"key":"Salz","value":"0,1 g | 2 %"}],"tags":[]},
    {"url":"https://www.interspar.at/shop/lebensmittel/p/5337736","data":[{"key":"price","value":"1,39 €"},{"key":"oldPrice","value":"\n\t\t\t\t\t\n\t\t\t\t\t \n\t\t\t\t"},{"key":"pricePerUnit","value":"(1.85 €/kg)"},{"key":"productDetailsName","value":"Schärdinger - Sommertraum à la Pina Colada - 750 G"},{"key":"detailsDescription","value":"750 G"},{"key":"articleNumber","value":"Artikelnummer: 5337736"},{"key":"Lagerhinweis:","value":["Vor und nach dem Öffnen gekühlt (3-6 °C) lagern."]},{"key":"Zutaten:","value":["Zutaten: 57 % SAUERMILCH, 14,4 % RAHM, Wasser, Zucker, 6,3 % Ananassaft aus Ananassaftkonzentrat, 0,6 % Orangensaft aus Orangensaftkonzentrat, 0,1 % Kokosmilchpulver, modifizierte Stärke, Stabilisator Pektin, Säureregulatoren Citronensäure, Natriumcitrate; Aromen. In Großbuchstaben angegebene Zutaten enthalten allergene Inhaltstoffe."]},{"key":"Allergene:","value":["Enthält:Milch und daraus gewonnene Erzeugnisse (inkl. Laktose)"]},{"key":"Identitätskennzeichen:","value":["AT 20141 EG"]},{"key":"Verwendungshinweis:","value":["Vor dem Öffnen gut schütteln! Nach dem Öffnen innerhalb weniger Tage verbrauchen."]},{"key":"Kontakt:","value":["Berglandmilch eGen","Schubertstraße 30, 4600 Wels, Österreich"]}],"nutritions":[{"key":"","value":"Unzubereitet"},{"key":" ","value":"100 g"},{"key":"Energie","value":"361 kJ | 86 kcal"},{"key":"Fett","value":"2,6 g"},{"key":"Fett, davon gesättigte Fettsäuren","value":"1,7 g"},{"key":"Kohlenhydrate","value":"13 g"},{"key":"Kohlenhydrate, davon Zucker","value":"12 g"},{"key":"Eiweiß","value":"2,5 g"},{"key":"Salz","value":"0,09 g"}],"tags":[]},
    {"url":"https://www.interspar.at/shop/lebensmittel/p/7269080","data":[{"key":"price","value":"1,39 €"},{"key":"oldPrice","value":"\n\t\t\t\t\t\n\t\t\t\t\t \n\t\t\t\t"},{"key":"pricePerUnit","value":"(1.85 €/kg)"},{"key":"productDetailsName","value":"Schärdinger - Sommertraum à la Eiskaffee - 750 G"},{"key":"detailsDescription","value":"750 G"},{"key":"articleNumber","value":"Artikelnummer: 7269080"},{"key":"Lagerhinweis:","value":["Vor und nach dem Öffnen gekühlt bie 3-6°C lagern. Nach dem Öffnen innerhalb weniger Tage verbrauchen."]},{"key":"Zutaten:","value":["Zutaten: MILCH, Zucker, Glukose-Fruktose-Sirup, Karamellzuckersirup, Kaffeeextrakt, modifizierte Stärke, Verdickungsmittel Guarkernmehl, Carrageen, Xanthan; Stabilisator Natriumcarbonat, Säureregulator Natriumphosphat, Speisesalz (Salz, Natriumjodid), Aromen. In Großbuchstaben angegebene Zutaten enthalten allergene Inhaltstoffe."]},{"key":"Allergene:","value":["Enthält:Milch und daraus gewonnene Erzeugnisse (inkl. Laktose)"]},{"key":"Identitätskennzeichen:","value":["AT 20141 EG"]},{"key":"Kontakt:","value":["Berglandmilch eGen","Schubertstraße 30, 4600 Wels, Österreich"]}],"nutritions":[{"key":"","value":"Unzubereitet"},{"key":"Energie","value":"309 kJ | 73 kcal"},{"key":"Fett","value":"1,4 g"},{"key":"Fett, davon gesättigte Fettsäuren","value":"0,9 g"},{"key":"Kohlenhydrate","value":"12 g"},{"key":"Kohlenhydrate, davon Zucker","value":"11 g"},{"key":"Eiweiß","value":"3,1 g"},{"key":"Salz","value":"0,13 g"}],"tags":[]},
    {"url":"https://www.interspar.at/shop/lebensmittel/p/7432378","data":[{"key":"price","value":"0,89 €"},{"key":"oldPrice","value":"\n\t\t\t\t\t\n\t\t\t\t\t \n\t\t\t\t"},{"key":"pricePerUnit","value":"(1.78 €/kg)"},{"key":"productDetailsName","value":"Schärdinger Schlanke Linie - Vanille Milch - 500 G"},{"key":"detailsDescription","value":"500 G"},{"key":"articleNumber","value":"Artikelnummer: 7432378"},{"key":"Lagerhinweis:","value":["Vor und nach dem Öffnen gekühlt bei 3-6 °C lagern. Nach dem Öffnen innerhalb weniger Tage verbrauchen."]},{"key":"Zutaten:","value":["Zutaten: MILCH (0,9 % Fett), 1,5 % Ballaststoff Polydextrose, Fruchtzucker, Aroma, Vanille-Extrakt, Farbstoff Beta-Carotin, Süßungsmittel Sucralose, Acesulfam-K; Folsäure, Calciumphosphat, Stabilisatoren: Natriumcarbonat, Guarkernmehl, Carrageen, Xanthan. In Großbuchstaben angegebene Zutaten enthalten allergene Inhaltstoffe."]},{"key":"Allergene:","value":["Enthält:Milch und daraus gewonnene Erzeugnisse (inkl. Laktose)"]},{"key":"","value":["Laktosefrei"]},{"key":"Identitätskennzeichen:","value":["AT20141EG"]},{"key":"Verwendungshinweis:","value":["Vor dem Genuss gut schütteln."]},{"key":"Kontakt:","value":["Berglandmilch reg.Gen.mbH","Schubertstraße 30, 4600 Wels, Österreich"]}],"nutritions":[{"key":"","value":"Unzubereitet"},{"key":" ","value":"100 ml"},{"key":"Energie","value":"226 kJ | 54 kcal"},{"key":"Fett","value":"1,5 g"},{"key":"Fett, davon gesättigte Fettsäuren","value":"1 g"},{"key":"Kohlenhydrate","value":"6,6 g"},{"key":"Kohlenhydrate, davon Zucker","value":"6,5 g"},{"key":"Eiweiß","value":"3,4 g"},{"key":"Salz","value":"0,13 g"},{"key":"Folsäure","value":"60 µg"},{"key":"Kalzium","value":"120 mg"}],"tags":["Lactosefrei"]},
    {"url":"https://www.interspar.at/shop/lebensmittel/p/7716966","data":[{"key":"price","value":"1,25 €"},{"key":"oldPrice","value":"\n\t\t\t\t\t\n\t\t\t\t\t \n\t\t\t\t"},{"key":"pricePerUnit","value":"(1.25 €/l)"},{"key":"productDetailsName","value":"NÖM - Wiener Eiskaffee Classic - 1 L"},{"key":"detailsDescription","value":"1 L"},{"key":"articleNumber","value":"Artikelnummer: 7716966"},{"key":"Lagerhinweis:","value":["Ungekühlt haltbar. Nach dem Öffnen gekühlt lagern und innerhalb von 2 Tagen verbrauchen."]},{"key":"Zutaten:","value":["Zutaten: VOLLMILCH (51%), Wasser, Zucker, Karamel, Kaffee-Extrakt (0,3%), Aroma, Speisesalz, Stabilisator: Carrageen. In Großbuchstaben angegebene Zutaten enthalten allergene Inhaltsstoffe."]},{"key":"Allergene:","value":["Enthält:Milch und daraus gewonnene Erzeugnisse (inkl. Laktose)"]},{"key":"Identitätskennzeichen:","value":["AT 30960 EG"]},{"key":"Verbrauchen nach dem Öffnen:","value":["2 Tage"]},{"key":"Verwendungshinweis:","value":["Vor dem Öffnen gut schütteln!"]},{"key":"Kontakt:","value":["NÖM AG","Vöslauer Straße 109, 2500 Baden, Österreich","0800 800 500"]}],"nutritions":[{"key":"","value":"Unzubereitet"},{"key":" ","value":"100 ml"},{"key":"Energie","value":"228 kJ | 54 kcal"},{"key":"Fett","value":"1,8 g"},{"key":"Fett, davon gesättigte Fettsäuren","value":"1,1 g"},{"key":"Kohlenhydrate","value":"7,8 g"},{"key":"Kohlenhydrate, davon Zucker","value":"7,6 g"},{"key":"Eiweiß","value":"1,7 g"},{"key":"Salz","value":"0,1 g"}],"tags":[]},
    {"url":"https://www.interspar.at/shop/lebensmittel/p/1317060","data":[{"key":"price","value":"0,58 €"},{"key":"oldPrice","value":"\n\t\t\t\t\t\n\t\t\t\t\t \n\t\t\t\t"},{"key":"pricePerUnit","value":"(2.32 €/l)"},{"key":"productDetailsName","value":"S-BUDGET - Latte Macchiato Karamell - 250 ML"},{"key":"detailsDescription","value":"250 ML"},{"key":"articleNumber","value":"Artikelnummer: 1317060"},{"key":"Lagerhinweis:","value":["Ungeöffnet bei max. +4°C bis +7°C lagern."]},{"key":"Zutaten:","value":["Zutaten: 73% VOLLMILCH, 14% Kaffee aus Arabica-Bohnen, 5% Sahne, Zucker, Stabilisator Natriumhydrogencarbonat, Carrageen; Aroma. In Großbuchstaben angegebene Zutaten enthalten allergene Inhaltsstoffe."]},{"key":"Allergene:","value":["Enthält:Milch und daraus gewonnene Erzeugnisse (inkl. Laktose)"]},{"key":"Identitätskennzeichen:","value":["DE BY 77723 EG"]},{"key":"Ursprungsland/Herkunftsort:","value":["Sorgfältig hergestellt in Deutschland"]},{"key":"Kontakt:","value":["SPAR Österr. Warenhandels-AG","Europastraße 3, 5015 Salzburg, Österreich"]}],"nutritions":[{"key":"","value":"Unzubereitet"},{"key":" ","value":"100 ml"},{"key":"Energie","value":"347 kJ | 83 kcal"},{"key":"Fett","value":"4,1 g"},{"key":"Fett, davon gesättigte Fettsäuren","value":"2,6 g"},{"key":"Kohlenhydrate","value":"8,5 g"},{"key":"Kohlenhydrate, davon Zucker","value":"8,5 g"},{"key":"Ballaststoffe","value":"0,2 g"},{"key":"Eiweiß","value":"2,9 g"},{"key":"Salz","value":"0,18 g"},{"key":"Broteinheiten","value":"0,7 BE"}],"tags":["immer Billig"]},
    {"url":"https://www.interspar.at/shop/lebensmittel/p/1650181","data":[{"key":"price","value":"0,75 €"},{"key":"oldPrice","value":"\n\t\t\t\t\t\n\t\t\t\t\t \n\t\t\t\t"},{"key":"pricePerUnit","value":"(0.75 €/l)"},{"key":"productDetailsName","value":"S-BUDGET - Haltbare Milch 1,5% Fett ultrahocherhitzt - 1 L"},{"key":"detailsDescription","value":"1 L"},{"key":"articleNumber","value":"Artikelnummer: 1650181"},{"key":"Lagerhinweis:","value":["Nach dem Öffnen im Kühlschrank aufbewahren und innerhalb von 3-4 Tagen aufbrauchen."]},{"key":"Zutaten:","value":["Zutaten: MILCH. In Großbuchstaben angegebene Zutaten enthalten allergene Inhaltsstoffe."]},{"key":"Allergene:","value":["Enthält:Milch und daraus gewonnene Erzeugnisse (inkl. Laktose)"]},{"key":"Identitätskennzeichen:","value":["AT 30751 EG"]},{"key":"Ursprungsland/Herkunftsort:","value":["Qualität aus Österreich"]},{"key":"Verbrauchen nach dem Öffnen:","value":["3 Tage"]},{"key":"Kontakt:","value":["SPAR Österr. Warenhandels-AG","Europastraße 3, 5015 Salzburg, Österreich"]}],"nutritions":[{"key":"","value":"Unzubereitet"},{"key":" ","value":"100 ml"},{"key":"Energie","value":"197 kJ | 47 kcal"},{"key":"Fett","value":"1,5 g"},{"key":"Fett, davon gesättigte Fettsäuren","value":"1 g"},{"key":"Kohlenhydrate","value":"4,9 g"},{"key":"Kohlenhydrate, davon Zucker","value":"4,9 g"},{"key":"Ballaststoffe","value":"0 g"},{"key":"Eiweiß","value":"3,4 g"},{"key":"Salz","value":"0,15 g"},{"key":"Kalzium","value":"120 mg | 15 %"},{"key":"Broteinheiten","value":"0,4 BE"},{"key":"","value":"Unzubereitet"},{"key":" ","value":"Portion (250 ml)"},{"key":"Energie","value":"492 kJ | 117 kcal"},{"key":"Fett","value":"3,8 g"},{"key":"Fett, davon gesättigte Fettsäuren","value":"2,5 g"},{"key":"Kohlenhydrate","value":"12,3 g"},{"key":"Kohlenhydrate, davon Zucker","value":"12,3 g"},{"key":"Ballaststoffe","value":"0 g"},{"key":"Eiweiß","value":"8,5 g"},{"key":"Salz","value":"0,4 g"},{"key":"Kalzium","value":"300 mg | 37,5 %"},{"key":"Broteinheiten","value":"1 BE"}],"tags":[]},
    {"url":"https://www.interspar.at/shop/lebensmittel/p/1650259","data":[{"key":"price","value":"0,75 €"},{"key":"oldPrice","value":"\n\t\t\t\t\t\n\t\t\t\t\t \n\t\t\t\t"},{"key":"pricePerUnit","value":"(0.75 €/l)"},{"key":"productDetailsName","value":"S-BUDGET - Haltbare Vollmilch 3,5% Fett - 1 L"},{"key":"detailsDescription","value":"1 L"},{"key":"articleNumber","value":"Artikelnummer: 1650259"},{"key":"Lagerhinweis:","value":["Nach dem Öffnen im Kühlschrank aufbewahren und innerhalb von 3-4 Tagen aufbrauchen."]},{"key":"Zutaten:","value":["Zutaten: VOLLMILCH. In Großbuchstaben angegebene Zutaten enthalten allergene Inhaltsstoffe."]},{"key":"Allergene:","value":["Enthält:Milch und daraus gewonnene Erzeugnisse (inkl. Laktose)"]},{"key":"Identitätskennzeichen:","value":["AT 30751 EG"]},{"key":"Ursprungsland/Herkunftsort:","value":["Qualität aus Österreich"]},{"key":"Verbrauchen nach dem Öffnen:","value":["3 Tage"]},{"key":"Kontakt:","value":["SPAR Österr. Warenhandels-AG","Europastraße 3, 5015 Salzburg, Österreich"]}],"nutritions":[{"key":"","value":"Unzubereitet"},{"key":" ","value":"100 ml"},{"key":"Energie","value":"267 kJ | 64 kcal"},{"key":"Fett","value":"3,5 g"},{"key":"Fett, davon gesättigte Fettsäuren","value":"2,3 g"},{"key":"Kohlenhydrate","value":"4,8 g"},{"key":"Kohlenhydrate, davon Zucker","value":"4,8 g"},{"key":"Ballaststoffe","value":"0 g"},{"key":"Eiweiß","value":"3,3 g"},{"key":"Salz","value":"0,15 g"},{"key":"Kalzium","value":"120 mg | 15 %"},{"key":"Broteinheiten","value":"0,4 BE"},{"key":"","value":"Unzubereitet"},{"key":" ","value":"Portion (250 ml)"},{"key":"Energie","value":"668 kJ | 160 kcal"},{"key":"Fett","value":"8,3 g"},{"key":"Fett, davon gesättigte Fettsäuren","value":"5,8 g"},{"key":"Kohlenhydrate","value":"12 g"},{"key":"Kohlenhydrate, davon Zucker","value":"12 g"},{"key":"Ballaststoffe","value":"0 g"},{"key":"Eiweiß","value":"8,3 g"},{"key":"Salz","value":"0,4 g"},{"key":"Kalzium","value":"300 mg | 37,5 %"},{"key":"Broteinheiten","value":"1 BE"}],"tags":[]},
    {"url":"https://www.interspar.at/shop/lebensmittel/p/2020001074136","data":[{"key":"price","value":"0,59 €"},{"key":"oldPrice","value":"\n\t\t\t\t\t\n\t\t\t\t\t \n\t\t\t\t"},{"key":"pricePerUnit","value":"(2.57 €/l)"},{"key":"productDetailsName","value":"S-BUDGET - Milch Shake Schoko - 230 ML"},{"key":"detailsDescription","value":"230 ML"},{"key":"articleNumber","value":"Artikelnummer: 2020001074136"},{"key":"Lagerhinweis:","value":["Gekühlt lagern."]},{"key":"Zutaten:","value":["Zutaten: VOLLMILCH, SAHNE, Zucker, modifizierte Stärke, Kakao 1%, Speisegelatine, natürliches Aroma, Verdickungsmittel Xanthan. In Großbuchstaben angegebene Zutaten enthalten allergene Inhaltsstoffe."]},{"key":"Allergene:","value":["Enthält:Milch und daraus gewonnene Erzeugnisse (inkl. Laktose)"]},{"key":"Identitätskennzeichen:","value":["DE BY 77723 EG"]},{"key":"Ursprungsland/Herkunftsort:","value":["Sorgfältig hergestellt in Deutschland"]},{"key":"Verwendungshinweis:","value":["Vor dem Öffnen gut schütteln."]},{"key":"Kontakt:","value":["SPAR Österr. Warenhandels-AG","Europastraße 3, 5015 Salzburg, Österreich","office@spar.at"]}],"nutritions":[{"key":"","value":"Unzubereitet"},{"key":" ","value":"100 ml"},{"key":"Energie","value":"486 kJ | 116 kcal"},{"key":"Fett","value":"5,8 g"},{"key":"Fett, davon gesättigte Fettsäuren","value":"3,4 g"},{"key":"Kohlenhydrate","value":"12 g"},{"key":"Kohlenhydrate, davon Zucker","value":"11 g"},{"key":"Ballaststoffe","value":"0,3 g"},{"key":"Eiweiß","value":"3,7 g"},{"key":"Salz","value":"0,13 g"},{"key":"Broteinheiten","value":"1 BE"}],"tags":["immer Billig"]},
    {"url":"https://www.interspar.at/shop/lebensmittel/p/2020001906642","data":[{"key":"price","value":"0,58 €"},{"key":"oldPrice","value":"\n\t\t\t\t\t\n\t\t\t\t\t \n\t\t\t\t"},{"key":"pricePerUnit","value":"(2.32 €/l)"},{"key":"productDetailsName","value":"S-BUDGET - Latte Macchiato Strong - 250 ML"},{"key":"detailsDescription","value":"250 ML"},{"key":"articleNumber","value":"Artikelnummer: 2020001906642"},{"key":"Lagerhinweis:","value":["Ungeöffnet bei max. +4°C bis +7°C lagern."]},{"key":"Zutaten:","value":["Zutaten: fettarme MILCH 77%, Kaffee 18%, Zucker, Stabilisatoren: Natriumcarbonate, Carrageen. In Großbuchstaben angegebene Zutaten enthalten allergene Inhaltsstoffe."]},{"key":"Allergene:","value":["Enthält:Milch und daraus gewonnene Erzeugnisse (inkl. Laktose)"]},{"key":"Identitätskennzeichen:","value":["DE BY 77723 EG"]},{"key":"Ursprungsland/Herkunftsort:","value":["Sorgfältig hergestellt in Deutschland"]},{"key":"Verwendungshinweis:","value":["Vor dem Öffnen schütteln."]},{"key":"Kontakt:","value":["SPAR Österr. Warenhandels-AG","Europastraße 3, 5015 Salzburg, Österreich","office@spar.at"]}],"nutritions":[{"key":"","value":"Unzubereitet"},{"key":" ","value":"100 ml"},{"key":"Energie","value":"252 kJ | 60 kcal"},{"key":"Fett","value":"1,2 g"},{"key":"Fett, davon gesättigte Fettsäuren","value":"0,8 g"},{"key":"Kohlenhydrate","value":"9 g"},{"key":"Kohlenhydrate, davon Zucker","value":"9 g"},{"key":"Ballaststoffe","value":"0,5 g"},{"key":"Eiweiß","value":"3 g"},{"key":"Salz","value":"0,18 g"},{"key":"Broteinheiten","value":"0,8 BE"}],"tags":["immer Billig"]},
    {"url":"https://www.interspar.at/shop/lebensmittel/p/3795767","data":[{"key":"price","value":"0,58 €"},{"key":"oldPrice","value":"\n\t\t\t\t\t\n\t\t\t\t\t \n\t\t\t\t"},{"key":"pricePerUnit","value":"(2.32 €/l)"},{"key":"productDetailsName","value":"S-BUDGET - Latte Macchiato Light - 250 ML"},{"key":"detailsDescription","value":"250 ML"},{"key":"articleNumber","value":"Artikelnummer: 3795767"},{"key":"Lagerhinweis:","value":["Ungeöffnet bei max. + 4°C bis +7°C lagern! Nach dem Öffnen sofort verbrauchen."]},{"key":"Zutaten:","value":["Zutaten: MILCH 80%, Kaffee aus Arabica-Bohnen 17%, Fruktose, Stabilisatoren: Natriumhydrogencarbonat, Carrageen; Süßungsmittel: Sucralose. In Großbuchstaben angegebene Zutaten enthalten allergene Inhaltsstoffe."]},{"key":"Allergene:","value":["Enthält:Milch und daraus gewonnene Erzeugnisse (inkl. Laktose)"]},{"key":"","value":["enthält 80% weniger Fett als herkömmlicher Latte Macchiato"]},{"key":"","value":["Light, Zusatzstoffe reduziert"]},{"key":"Identitätskennzeichen:","value":["DE BY 77723 EG"]},{"key":"Ursprungsland/Herkunftsort:","value":["Sorgfältig hergestellt in Deutschland"]},{"key":"Kontakt:","value":["SPAR Österr. Warenhandels-AG","Europastraße 3, 5015 Salzburg, Österreich"]}],"nutritions":[{"key":"","value":"Unzubereitet"},{"key":" ","value":"100 ml"},{"key":"Energie","value":"179 kJ | 42 kcal"},{"key":"Fett","value":"0,8 g"},{"key":"Fett, davon gesättigte Fettsäuren","value":"0,5 g"},{"key":"Kohlenhydrate","value":"5,9 g"},{"key":"Kohlenhydrate, davon Zucker","value":"5,9 g"},{"key":"Ballaststoffe","value":"0,2 g"},{"key":"Eiweiß","value":"2,8 g"},{"key":"Salz","value":"0,15 g"},{"key":"Broteinheiten","value":"0,5 BE"}],"tags":["immer Billig"]},
    {"url":"https://www.interspar.at/shop/lebensmittel/p/4813538","data":[{"key":"price","value":"0,65 €"},{"key":"oldPrice","value":"\n\t\t\t\t\t\n\t\t\t\t\t \n\t\t\t\t"},{"key":"pricePerUnit","value":"(0.65 €/l)"},{"key":"productDetailsName","value":"S-BUDGET - Haltbare Leichtmilch 0,5% Fett - 1 L"},{"key":"detailsDescription","value":"1 L"},{"key":"articleNumber","value":"Artikelnummer: 4813538"},{"key":"Lagerhinweis:","value":["Nach dem Öffnen im Kühlschrank aufbewahren und innerhalb von 3-4 Tagen aufbrauchen."]},{"key":"Zutaten:","value":["Zutaten: LEICHTMILCH. In Großbuchstaben angegebene Zutaten enthalten allergene Inhaltsstoffe."]},{"key":"Allergene:","value":["Enthält:Milch und daraus gewonnene Erzeugnisse (inkl. Laktose)"]},{"key":"Identitätskennzeichen:","value":["AT 30751 EG"]},{"key":"Ursprungsland/Herkunftsort:","value":["Qualität aus Österreich"]},{"key":"Verbrauchen nach dem Öffnen:","value":["3 Tage"]},{"key":"Kontakt:","value":["SPAR Österr. Warenhandels-AG","Europastraße 3, 5015 Salzburg, Österreich"]}],"nutritions":[{"key":"","value":"Unzubereitet"},{"key":" ","value":"100 ml"},{"key":"Energie","value":"161 kJ | 38 kcal"},{"key":"Fett","value":"0,5 g"},{"key":"Fett, davon gesättigte Fettsäuren","value":"0,3 g"},{"key":"Kohlenhydrate","value":"4,9 g"},{"key":"Kohlenhydrate, davon Zucker","value":"4,9 g"},{"key":"Ballaststoffe","value":"0 g"},{"key":"Eiweiß","value":"3,5 g"},{"key":"Salz","value":"0,15 g"},{"key":"Kalzium","value":"120 mg | 15 %"},{"key":"Broteinheiten","value":"0,4 BE"},{"key":"","value":"Unzubereitet"},{"key":" ","value":"Portion (250 ml)"},{"key":"Energie","value":"403 kJ | 95 kcal"},{"key":"Fett","value":"1,3 g"},{"key":"Fett, davon gesättigte Fettsäuren","value":"0,8 g"},{"key":"Kohlenhydrate","value":"12,3 g"},{"key":"Kohlenhydrate, davon Zucker","value":"12,3 g"},{"key":"Ballaststoffe","value":"0 g"},{"key":"Eiweiß","value":"8,8 g"},{"key":"Salz","value":"0,4 g"},{"key":"Kalzium","value":"300 mg | 37,5 %"},{"key":"Broteinheiten","value":"1 BE"}],"tags":[]},
    {"url":"https://www.interspar.at/shop/lebensmittel/p/7832307","data":[{"key":"price","value":"0,58 €"},{"key":"oldPrice","value":"\n\t\t\t\t\t\n\t\t\t\t\t \n\t\t\t\t"},{"key":"pricePerUnit","value":"(2.32 €/l)"},{"key":"productDetailsName","value":"S-BUDGET - Cappuccino - 250 ML"},{"key":"detailsDescription","value":"250 ML"},{"key":"articleNumber","value":"Artikelnummer: 7832307"},{"key":"Lagerhinweis:","value":["Bei max. +4°C bis +7°C lagern!"]},{"key":"Zutaten:","value":["Zutaten: 77% teilentrahmte MILCH (1,5% Fett), 17% Kaffee aus Arabicabohnen, Zucker, Karamellzuckersirup, Kakaopulver, Stabilisator: Natriumhydrogencarbonat, Carrageen. In Großbuchstaben angegebene Zutaten enthalten allergene Inhaltsstoffe."]},{"key":"Allergene:","value":["Enthält:Milch und daraus gewonnene Erzeugnisse (inkl. Laktose)"]},{"key":"Identitätskennzeichen:","value":["DE BY 77723 EG"]},{"key":"Ursprungsland/Herkunftsort:","value":["Sorgfältig hergestellt in Deutschland"]},{"key":"Kontakt:","value":["SPAR Österr. Warenhandels-AG","Europastraße 3, 5015 Salzburg, Österreich"]}],"nutritions":[{"key":"","value":"Unzubereitet"},{"key":" ","value":"100 ml"},{"key":"Energie","value":"270 kJ | 64 kcal"},{"key":"Fett","value":"1,3 g"},{"key":"Fett, davon gesättigte Fettsäuren","value":"0,8 g"},{"key":"Kohlenhydrate","value":"9,7 g"},{"key":"Kohlenhydrate, davon Zucker","value":"9,6 g"},{"key":"Ballaststoffe","value":"0,3 g"},{"key":"Eiweiß","value":"3,2 g"},{"key":"Salz","value":"0,2 g"},{"key":"Broteinheiten","value":"0,8 BE"}],"tags":["immer Billig"]},
    {"url":"https://www.interspar.at/shop/lebensmittel/p/7832321","data":[{"key":"price","value":"0,58 €"},{"key":"oldPrice","value":"\n\t\t\t\t\t\n\t\t\t\t\t \n\t\t\t\t"},{"key":"pricePerUnit","value":"(2.32 €/l)"},{"key":"productDetailsName","value":"S-BUDGET - Latte Macchiato - 250 ML"},{"key":"detailsDescription","value":"250 ML"},{"key":"articleNumber","value":"Artikelnummer: 7832321"},{"key":"Lagerhinweis:","value":["Ungeöffnet bei max. +4°C bis +7°C lagern."]},{"key":"Zutaten:","value":["Zutaten: 73% VOLLMILCH, 17% Kaffee aus Arabicabohnen, 5% SAHNE, Zucker, Stabilisator Natriumhydrogencarbonat, Carrageen. In Großbuchstaben angegebene Zutaten enthalten allergene Inhaltsstoffe."]},{"key":"Allergene:","value":["Enthält:Milch und daraus gewonnene Erzeugnisse (inkl. Laktose)"]},{"key":"Identitätskennzeichen:","value":["DE BY 77723 EG"]},{"key":"Ursprungsland/Herkunftsort:","value":["Sorgfältig hergestellt in Deutschland"]},{"key":"Kontakt:","value":["SPAR Österr. Warenhandels-AG","Europastraße 3, 5015 Salzburg, Österreich"]}],"nutritions":[{"key":"","value":"Unzubereitet"},{"key":" ","value":"100 ml"},{"key":"Energie","value":"347 kJ | 83 kcal"},{"key":"Fett","value":"4,1 g"},{"key":"Fett, davon gesättigte Fettsäuren","value":"2,6 g"},{"key":"Kohlenhydrate","value":"8,5 g"},{"key":"Kohlenhydrate, davon Zucker","value":"8,5 g"},{"key":"Ballaststoffe","value":"0,2 g"},{"key":"Eiweiß","value":"2,9 g"},{"key":"Salz","value":"0,18 g"},{"key":"Broteinheiten","value":"0,7 BE"}],"tags":["immer Billig"]},
    {"url":"https://www.interspar.at/shop/lebensmittel/p/2352794","data":[{"key":"price","value":"0,65 €"},{"key":"oldPrice","value":"\n\t\t\t\t\t\n\t\t\t\t\t \n\t\t\t\t"},{"key":"pricePerUnit","value":"(3.25 €/kg)"},{"key":"productDetailsName","value":"SPAR - Kaffeesahne 20 x 10g - 200 G"},{"key":"detailsDescription","value":"200 G"},{"key":"articleNumber","value":"Artikelnummer: 2352794"},{"key":"Lagerhinweis:","value":["Ohne Kühlung haltbar."]},{"key":"Zutaten:","value":["Zutaten: KAFFEESAHNE 10% Fett. In Großbuchstaben angegebene Zutaten enthalten allergene Inhaltsstoffe."]},{"key":"Allergene:","value":["Enthält:Milch und daraus gewonnene Erzeugnisse (inkl. Laktose)"]},{"key":"Identitätskennzeichen:","value":["DE NI 010 EG"]},{"key":"Ursprungsland/Herkunftsort:","value":["Sorgfältig hergestellt in Deutschland"]},{"key":"Kontakt:","value":["SPAR Österr. Warenhandels-AG","Europastraße 3, 5015 Salzburg, Österreich"]}],"nutritions":[{"key":" ","value":"100 g"},{"key":"","value":"Unzubereitet"},{"key":"Energie","value":"491 kJ | 118 kcal"},{"key":"Fett","value":"10 g"},{"key":"Fett, davon gesättigte Fettsäuren","value":"6,9 g"},{"key":"Kohlenhydrate","value":"4 g"},{"key":"Kohlenhydrate, davon Zucker","value":"4 g"},{"key":"Ballaststoffe","value":"0 g"},{"key":"Eiweiß","value":"3,1 g"},{"key":"Salz","value":"0,08 g"},{"key":"Broteinheiten","value":"0,3 BE"}],"tags":[]},
    {"url":"https://www.interspar.at/shop/lebensmittel/p/1149814","data":[{"key":"price","value":"1,29 €"},{"key":"oldPrice","value":"\n\t\t\t\t\t\n\t\t\t\t\tstatt 1,79 €\n\t\t\t\t"},{"key":"pricePerUnit","value":"(4.30 €/kg)"},{"key":"productDetailsName","value":"Dr. Oetker Paula - Schoko Minis 6 x 50g - 300 G"},{"key":"detailsDescription","value":"300 G"},{"key":"articleNumber","value":"Artikelnummer: 1149814"},{"key":"Lagerhinweis:","value":["Bei +8°C lagern."]},{"key":"Zutaten:","value":["Zutaten: 86% VOLLMILCH, Zucker, modifizierte Stärke, 1,4% fettarmer Kakao, Verdickungsmittel: Carrageen, Salz, Aroma, Farbstoff: Carotin, Stabilisator: Natriumcarbonate. In Großbuchstaben angegebene Zutaten enthalten allergene Inhaltsstoffe."]},{"key":"Allergene:","value":["Enthält:Milch und daraus gewonnene Erzeugnisse (inkl. Laktose)"]},{"key":"Identitätskennzeichen:","value":["DE NW 303 EG"]},{"key":"Kontakt:","value":["Dr. Oetker GmbH","Ringmauergasse 9/1, 9500 Villach, Österreich"]}],"nutritions":[{"key":"","value":"Unzubereitet"},{"key":" ","value":"100 g"},{"key":"Energie","value":"467 kJ | 111 kcal"},{"key":"Fett","value":"3,8 g"},{"key":"Fett, davon gesättigte Fettsäuren","value":"2,5 g"},{"key":"Kohlenhydrate","value":"16 g"},{"key":"Kohlenhydrate, davon Zucker","value":"13 g"},{"key":"Eiweiß","value":"3,3 g"},{"key":"Salz","value":"0,18 g"},{"key":" ","value":"Portion (50 g)"}],"tags":[]},
    {"url":"https://www.interspar.at/shop/lebensmittel/p/1164565","data":[{"key":"price","value":"1,59 €"},{"key":"oldPrice","value":"\n\t\t\t\t\t\n\t\t\t\t\t \n\t\t\t\t"},{"key":"pricePerUnit","value":"(6.91 €/l)"},{"key":"productDetailsName","value":"Emmi - Caffè Latte Vanilla - 230 ML"},{"key":"detailsDescription","value":"230 ML"},{"key":"articleNumber","value":"Artikelnummer: 1164565"},{"key":"Lagerhinweis:","value":["Kühl (max. +8°C) lagern."]},{"key":"Zutaten:","value":["Zutaten: 80% MILCH, 15% frisch gebrühter Arabica-Kaffee, Zucker, Vanilleextrakt, natürliches Aroma, Stabilisator E339, Verdickungsmittel Carrageen. In Großbuchstaben angegebene Zutaten enthalten allergene Inhaltsstoffe."]},{"key":"Allergene:","value":["Enthält:Milch und daraus gewonnene Erzeugnisse (inkl. Laktose)"]},{"key":"Ursprungsland/Herkunftsort:","value":["Schweiz"]},{"key":"Kontakt:","value":["Emmi Deutschland GmbH","Im Teelbruch 122, 45219 Essen, Deutschland"]}],"nutritions":[{"key":"","value":"Unzubereitet"},{"key":" ","value":"100 ml"},{"key":"Energie","value":"280 kJ | 66 kcal"},{"key":"Fett","value":"2 g"},{"key":"Fett, davon gesättigte Fettsäuren","value":"1,2 g"},{"key":"Kohlenhydrate","value":"9 g"},{"key":"Kohlenhydrate, davon Zucker","value":"9 g"},{"key":"Eiweiß","value":"3 g"},{"key":"Salz","value":"0,15 g"}],"tags":[]},
    {"url":"https://www.interspar.at/shop/lebensmittel/p/1175158","data":[{"key":"price","value":"1,99 €"},{"key":"oldPrice","value":"\n\t\t\t\t\t\n\t\t\t\t\t \n\t\t\t\t"},{"key":"pricePerUnit","value":"(3.98 €/kg)"},{"key":"productDetailsName","value":"Guma - Pâtisserie Creme - 500 G"},{"key":"detailsDescription","value":"500 G"},{"key":"articleNumber","value":"Artikelnummer: 1175158"},{"key":"Lagerhinweis:","value":["Gekühlt (+6°C) lagern und nach dem Öffnen rasch konsumieren."]},{"key":"Zutaten:","value":["Zutaten: MAGERMILCH, pflanzliche Fette und Öle teilweise gehärtet (Palmkern, Kokos, Palm, Raps), Emulgatoren (E471, E477), Schaummittel (E472b, E472e), Zucker, Aromen, Verdickungsmittel (Guarkernmehl, Xanthan, Carrageen), Farbstoff (Beta-Carotin). In Großbuchstaben angegebene Zutaten enthalten allergene Inhaltsstoffe."]},{"key":"Allergene:","value":["Enthält:Milch und daraus gewonnene Erzeugnisse (inkl. Laktose)"]},{"key":"Zubereitung:","value":["VerzehrfertigGuma Pâtisserie Creme ist wie Schlagsahne zu verwenden und lässt sich schnell und luftig aufschlagen. Ideale Aufschlagzeit von 4 Minuten. Hervorragend geeignet für Desserts und Kuchen."]},{"key":"Ursprungsland/Herkunftsort:","value":["Österreich"]},{"key":"Kontakt:","value":["Emmi Österreich GmbH","Illweg 8, 6714 Nüziders, Österreich"]}],"nutritions":[{"key":"","value":"Unzubereitet"},{"key":" ","value":"100 g"},{"key":"Energie","value":"1210 kJ | 294 kcal"},{"key":"Fett","value":"30 g"},{"key":"Fett, davon gesättigte Fettsäuren","value":"30 g"},{"key":"Kohlenhydrate","value":"3,5 g"},{"key":"Kohlenhydrate, davon Zucker","value":"3,5 g"},{"key":"Eiweiß","value":"2,4 g"},{"key":"Salz","value":"0,09 g"}],"tags":[]},
    {"url":"https://www.interspar.at/shop/lebensmittel/p/1531657","data":[{"key":"price","value":"1,29 €"},{"key":"oldPrice","value":"\n\t\t\t\t\t\n\t\t\t\t\tstatt 1,99 €\n\t\t\t\t"},{"key":"pricePerUnit","value":"(2.58 €/kg)"},{"key":"productDetailsName","value":"Dr. Oetker Paula - Erdbeere 4 x 125g - 500 G"},{"key":"detailsDescription","value":"500 G"},{"key":"articleNumber","value":"Artikelnummer: 1531657"},{"key":"Lagerhinweis:","value":["Bei +8°C lagern."]},{"key":"Zutaten:","value":["Zutaten: 87% VOLLMILCH, Zucker, modifizierte Stärke, Invertzuckersirup, 0,7% Erdbeerpüree, Aroma, MAGERMILCHPULVER, Verdickungsmittel: Carrageen, Salz, Farbstoff: Carotin, Stabilisator: Natriumcarbonate. In Großbuchstaben angegebene Zutaten enthalten allergene Inhaltsstoffe."]},{"key":"Allergene:","value":["Enthält:Milch und daraus gewonnene Erzeugnisse (inkl. Laktose)"]},{"key":"Identitätskennzeichen:","value":["DE NW 303 EG"]},{"key":"Kontakt:","value":["Dr. Oetker GmbH","Ringmauergasse 9/1, 9500 Villach, Österreich"]}],"nutritions":[{"key":"","value":"Unzubereitet"},{"key":" ","value":"100 g"},{"key":"Energie","value":"447 kJ | 106 kcal"},{"key":"Fett","value":"3,9 g"},{"key":"Fett, davon gesättigte Fettsäuren","value":"2,5 g"},{"key":"Kohlenhydrate","value":"15 g"},{"key":"Kohlenhydrate, davon Zucker","value":"12 g"},{"key":"Eiweiß","value":"3 g"},{"key":"Salz","value":"0,19 g"},{"key":" ","value":"Portion (125 g)"}],"tags":[]},
    {"url":"https://www.interspar.at/shop/lebensmittel/p/1954074","data":[{"key":"price","value":"0,79 €"},{"key":"oldPrice","value":"\n\t\t\t\t\t\n\t\t\t\t\t \n\t\t\t\t"},{"key":"pricePerUnit","value":"(5.27 €/kg)"},{"key":"productDetailsName","value":"Landliebe - Grießpudding Erdbeere - 150 G"},{"key":"detailsDescription","value":"150 G"},{"key":"articleNumber","value":"Artikelnummer: 1954074"},{"key":"Lagerhinweis:","value":["Bei +8°C lagern."]},{"key":"Zutaten:","value":["Zutaten: 57% VOLLMILCH, 16,4% Erdbeeren, 10% SAHNE, Zucker, 6% HARTWEIZENGRIESS, Zitronensaft aus Zitronensaftkonzentrat, Verdickungsmittel: Pektine. In Großbuchstaben angegebene Zutaten enthalten allergene Inhaltstoffe."]},{"key":"Allergene:","value":["Enthält:Glutenhaltiges Getreide und daraus hergestellte Erzeugnisse, Milch und daraus gewonnene Erzeugnisse (inkl. Laktose)"]},{"key":"Identitätskennzeichen:","value":["DE BW 033 EG"]},{"key":"Kontakt:","value":["Landliebe Molkereiprodukte GmbH","Wimpfener Straße 125, 74078 Heilbronn, Deutschland"]}],"nutritions":[{"key":"","value":"Unzubereitet"},{"key":" ","value":"100 g"},{"key":"Energie","value":"541 kJ | 129 kcal"},{"key":"Fett","value":"4,8 g"},{"key":"Fett, davon gesättigte Fettsäuren","value":"3,3 g"},{"key":"Kohlenhydrate","value":"18 g"},{"key":"Kohlenhydrate, davon Zucker","value":"14 g"},{"key":"Eiweiß","value":"3,1 g"},{"key":"Salz","value":"0,1 g"}],"tags":[]},
    {"url":"https://www.interspar.at/shop/lebensmittel/p/1954104","data":[{"key":"price","value":"0,79 €"},{"key":"oldPrice","value":"\n\t\t\t\t\t\n\t\t\t\t\t \n\t\t\t\t"},{"key":"pricePerUnit","value":"(5.27 €/kg)"},{"key":"productDetailsName","value":"Landliebe - Grießpudding Kirsche - 150 G"},{"key":"detailsDescription","value":"150 G"},{"key":"articleNumber","value":"Artikelnummer: 1954104"},{"key":"Lagerhinweis:","value":["Bei +8°C lagern."]},{"key":"Zutaten:","value":["Zutaten: 57% VOLLMILCH, 15,6% Sauerkirschen, 10% SAHNE, Zucker, 6% HARTWEIZENGRIESS, modifizierte Stärke, Zitronensaft aus Zitronensaftkonzentrat. In Großbuchstaben angegebene Zutaten enthalten allergene Inhaltstoffe."]},{"key":"Allergene:","value":["Enthält:Glutenhaltiges Getreide und daraus hergestellte Erzeugnisse, Milch und daraus gewonnene Erzeugnisse (inkl. Laktose)"]},{"key":"Identitätskennzeichen:","value":["DE BW 033 EG"]},{"key":"Kontakt:","value":["Landliebe Molkereiprodukte GmbH","Wimpfener Straße 125, 74078 Heilbronn, Deutschland"]}],"nutritions":[{"key":"","value":"Unzubereitet"},{"key":" ","value":"100 g"},{"key":"Energie","value":"557 kJ | 132 kcal"},{"key":"Fett","value":"4,8 g"},{"key":"Fett, davon gesättigte Fettsäuren","value":"3,3 g"},{"key":"Kohlenhydrate","value":"19 g"},{"key":"Kohlenhydrate, davon Zucker","value":"14 g"},{"key":"Eiweiß","value":"3,1 g"},{"key":"Salz","value":"0,1 g"}],"tags":[]},
    {"url":"https://www.interspar.at/shop/lebensmittel/p/2020000397274","data":[{"key":"price","value":"1,49 €"},{"key":"oldPrice","value":"\n\t\t\t\t\t\n\t\t\t\t\t \n\t\t\t\t"},{"key":"pricePerUnit","value":"(5.96 €/kg)"},{"key":"productDetailsName","value":"NÖM fasten - Proteindrink Schoko - 250 G"},{"key":"detailsDescription","value":"250 G"},{"key":"articleNumber","value":"Artikelnummer: 2020000397274"},{"key":"Lagerhinweis:","value":["Ungekühlt haltbar. Nach dem Öffnen gekühlt (3 - 9°C) lagern und innerhalb von 1-2 Tagen verbrauchen."]},{"key":"Zutaten:","value":["Zutaten: MAGERMILCHKONZENTRAT, 1,2% Magerkakaopulver, Süßstoff: Sucralose, Aroma, Stabilisator: Carrageen. In Großbuchstaben angegebene Zutaten enthalten allergene Inhaltstoffe."]},{"key":"Allergene:","value":["Enthält:Milch und daraus gewonnene Erzeugnisse (inkl. Laktose)"]},{"key":"Identitätskennzeichen:","value":["AT 30960 EG"]},{"key":"Zusatztext:","value":["Am besten gekühlt genießen."]},{"key":"Verbrauchen nach dem Öffnen:","value":["1 Tage"]},{"key":"Verwendungshinweis:","value":["Vor dem Öffnen gut schütteln."]},{"key":"Kontakt:","value":["NÖM AG","Vöslauer Straße 109, 2500 Baden, Österreich","www.noemfasten.at","0800/800 500"]}],"nutritions":[{"key":"","value":"Unzubereitet"},{"key":" ","value":"100 g"},{"key":"Energie","value":"272 kJ | 64 kcal"},{"key":"Fett","value":"0,2 g"},{"key":"Fett, davon gesättigte Fettsäuren","value":"0,1 g"},{"key":"Kohlenhydrate","value":"5,5 g"},{"key":"Kohlenhydrate, davon Zucker","value":"5,4 g"},{"key":"Eiweiß","value":"10 g"},{"key":"Salz","value":"0,2 g"},{"key":"","value":"Unzubereitet"},{"key":" ","value":"Portion (250 g)"},{"key":"Energie","value":"680 kJ | 160 kcal | 8 %"},{"key":"Fett","value":"0,5 g | 1 %"},{"key":"Fett, davon gesättigte Fettsäuren","value":"0,3 g | 2 %"},{"key":"Kohlenhydrate","value":"13,8 g | 5 %"},{"key":"Kohlenhydrate, davon Zucker","value":"13,5 g | 15 %"},{"key":"Eiweiß","value":"25 g | 50 %"},{"key":"Salz","value":"0,5 g | 8 %"}],"tags":[]},
    {"url":"https://www.interspar.at/shop/lebensmittel/p/2020000563716","data":[{"key":"price","value":"0,89 €"},{"key":"oldPrice","value":"\n\t\t\t\t\t\n\t\t\t\t\t \n\t\t\t\t"},{"key":"pricePerUnit","value":"(5.93 €/kg)"},{"key":"productDetailsName","value":"Landliebe - Sahnepudding laktosefrei Vanille - 150 G"},{"key":"detailsDescription","value":"150 G"},{"key":"articleNumber","value":"Artikelnummer: 2020000563716"},{"key":"Lagerhinweis:","value":["Bei +8°C lagern."]},{"key":"Zutaten:","value":["Zutaten: 45% SAHNE, 41% VOLLMILCH, Zucker, modifizierte Stärke, MAGERMILCHKONZENTRAT, natürliches Vanillearoma (enthält MILCH), Stärke, Farbstoff: Carotin, gemahlene Vanilleschoten, Laktase. In Großbuchstaben angegebene Zutaten enthalten allergene Inhaltstoffe."]},{"key":"Allergene:","value":["Enthält:Milch und daraus gewonnene Erzeugnisse (inkl. Laktose)"]},{"key":"","value":["*Laktosegehalt unter 0,1 g/100 g"]},{"key":"Identitätskennzeichen:","value":["DE BW 033 EG"]},{"key":"Kontakt:","value":["Landliebe Molkereiprodukte GmbH","Wimpfener Straße 125, 74078 Heilbronn, Deutschland"]}],"nutritions":[{"key":"","value":"Unzubereitet"},{"key":" ","value":"100 g"},{"key":"Energie","value":"598 kJ | 143 kcal"},{"key":"Fett","value":"8,3 g"},{"key":"Fett, davon gesättigte Fettsäuren","value":"5,7 g"},{"key":"Kohlenhydrate","value":"14 g"},{"key":"Kohlenhydrate, davon Zucker","value":"10 g"},{"key":"Eiweiß","value":"3,1 g"},{"key":"Salz","value":"0,18 g"}],"tags":["Lactosefrei"]},
    {"url":"https://www.interspar.at/shop/lebensmittel/p/2020000564119","data":[{"key":"price","value":"0,89 €"},{"key":"oldPrice","value":"\n\t\t\t\t\t\n\t\t\t\t\t \n\t\t\t\t"},{"key":"pricePerUnit","value":"(5.93 €/kg)"},{"key":"productDetailsName","value":"Landliebe - Sahnepudding laktosefrei Schokolade - 150 G"},{"key":"detailsDescription","value":"150 G"},{"key":"articleNumber","value":"Artikelnummer: 2020000564119"},{"key":"Lagerhinweis:","value":["Bei +8°C lagern."]},{"key":"Zutaten:","value":["Zutaten: 42% SAHNE, 41% VOLLMILCH, Zucker, 5% Schokoladenpulver (Zucker, Kakao), modifizierte Stärke, 1% fettarmer Kakao, Stärke, Laktase. In Großbuchstaben angegebene Zutaten enthalten allergene Inhaltstoffe."]},{"key":"Allergene:","value":["Enthält:Milch und daraus gewonnene Erzeugnisse (inkl. Laktose)"]},{"key":"","value":["*Laktosegehalt unter 0,1g/100g"]},{"key":"Identitätskennzeichen:","value":["DE BW 033 EG"]},{"key":"Kontakt:","value":["Landliebe Molkereiprodukte GmbH","Wimpfener Straße 125, 74078 Heilbronn, Deutschland"]}],"nutritions":[{"key":"","value":"Unzubereitet"},{"key":" ","value":"100 g"},{"key":"Energie","value":"647 kJ | 155 kcal"},{"key":"Fett","value":"8,3 g"},{"key":"Fett, davon gesättigte Fettsäuren","value":"5,7 g"},{"key":"Kohlenhydrate","value":"16 g"},{"key":"Kohlenhydrate, davon Zucker","value":"13 g"},{"key":"Eiweiß","value":"3,5 g"},{"key":"Salz","value":"0,12 g"}],"tags":["Lactosefrei"]},
    {"url":"https://www.interspar.at/shop/lebensmittel/p/2020000595403","data":[{"key":"price","value":"1,25 €"},{"key":"oldPrice","value":"\n\t\t\t\t\t\n\t\t\t\t\t \n\t\t\t\t"},{"key":"pricePerUnit","value":"(2.78 €/l)"},{"key":"productDetailsName","value":"SPAR enjoy - Latte Macchiato Grande - 450 ML"},{"key":"detailsDescription","value":"450 ML"},{"key":"articleNumber","value":"Artikelnummer: 2020000595403"},{"key":"Lagerhinweis:","value":["Vor und nach dem Öffnen gekühlt lagern. Nach dem Öffnen rasch genießen."]},{"key":"Zutaten:","value":["Zutaten: MAGERMILCH 72%, Wasser, RAHM, Zucker, Kaffee-Extrakt* 0,8%, MAGERMILCHPULVER, Maisstärke, Karamellzuckersirup, Aroma, Koffein, Stabilisatoren: Carrageen, Guarkernmehl; Speisesalz unjodiert, Säureregulatoren: Natriumphosphate, Natriumcitrate, Polyphosphate. *100% Arabica. In Großbuchstaben angegebene Zutaten enthalten allergene Inhaltsstoffe."]},{"key":"Allergene:","value":["Enthält:Milch und daraus gewonnene Erzeugnisse (inkl. Laktose)"]},{"key":"Identitätskennzeichen:","value":["AT 30960 EG"]},{"key":"Ursprungsland/Herkunftsort:","value":["Sorgfältig hergestellt in Österreich"]},{"key":"Kontakt:","value":["SPAR Österr. Warenhandels-AG","Europastraße 3, 5015 Salzburg, Österreich"]}],"nutritions":[{"key":"","value":"Unzubereitet"},{"key":" ","value":"100 ml"},{"key":"Energie","value":"363 kJ | 87 kcal"},{"key":"Fett","value":"4,2 g"},{"key":"Fett, davon gesättigte Fettsäuren","value":"2,5 g"},{"key":"Kohlenhydrate","value":"9,3 g"},{"key":"Kohlenhydrate, davon Zucker","value":"8,4 g"},{"key":"Ballaststoffe","value":"0,2 g"},{"key":"Eiweiß","value":"3 g"},{"key":"Salz","value":"0,12 g"},{"key":"Broteinheiten","value":"0,8 BE"}],"tags":[]},
    {"url":"https://www.interspar.at/shop/lebensmittel/p/2020000999478","data":[{"key":"price","value":"1,79 €"},{"key":"oldPrice","value":"\n\t\t\t\t\t\n\t\t\t\t\t \n\t\t\t\t"},{"key":"pricePerUnit","value":"(3.58 €/kg)"},{"key":"productDetailsName","value":"Landliebe - Sahnepudding Schokolade 4 x 125g - 500 G"},{"key":"detailsDescription","value":"500 G"},{"key":"articleNumber","value":"Artikelnummer: 2020000999478"},{"key":"Lagerhinweis:","value":["Bei max. +8°C lagern."]},{"key":"Zutaten:","value":["Zutaten: 42% SAHNE, 41% VOLLMILCH, Zucker, 5% Schokoladenpulver (Zucker, Kakao), modifizierte Stärke, 1% fettarmer Kakao, Stärke. In Großbuchstaben angegebene Zutaten enthalten allergene Inhaltsstoffe."]},{"key":"Allergene:","value":["Enthält:Milch und daraus gewonnene Erzeugnisse (inkl. Laktose)"]},{"key":"Identitätskennzeichen:","value":["DE BW 033 EG"]},{"key":"Kontakt:","value":["Landliebe Molkereiprodukte GmbH","Wimpfener Straße 125, 74078 Heilbronn, Deutschland"]}],"nutritions":[{"key":"","value":"Unzubereitet"},{"key":" ","value":"100 g"},{"key":"Energie","value":"657 kJ | 157 kcal"},{"key":"Fett","value":"8,2 g"},{"key":"Fett, davon gesättigte Fettsäuren","value":"5,7 g"},{"key":"Kohlenhydrate","value":"17 g"},{"key":"Kohlenhydrate, davon Zucker","value":"14 g"},{"key":"Eiweiß","value":"3,3 g"},{"key":"Salz","value":"0,1 g"}],"tags":["immer Billig"]},
    {"url":"https://www.interspar.at/shop/lebensmittel/p/2020000999522","data":[{"key":"price","value":"1,79 €"},{"key":"oldPrice","value":"\n\t\t\t\t\t\n\t\t\t\t\t \n\t\t\t\t"},{"key":"pricePerUnit","value":"(3.58 €/kg)"},{"key":"productDetailsName","value":"Landliebe - Griesspudding Zimt 4 x 125g - 500 G"},{"key":"detailsDescription","value":"500 G"},{"key":"articleNumber","value":"Artikelnummer: 2020000999522"},{"key":"Lagerhinweis:","value":["Bei max. +8°C lagern."]},{"key":"Zutaten:","value":["Zutaten: 74% VOLLMILCH, 10% SAHNE, 8% HARTWEIZENGRIEß, Zucker, Zimt. In Großbuchstaben angegebene Zutaten enthalten allergene Inhaltsstoffe."]},{"key":"Allergene:","value":["Enthält:Glutenhaltiges Getreide und daraus hergestellte Erzeugnisse, Milch und daraus gewonnene Erzeugnisse (inkl. Laktose)"]},{"key":"Identitätskennzeichen:","value":["DE BW 033 EG"]},{"key":"Kontakt:","value":["Landliebe Molkereiprodukte GmbH","Wimpfener Straße 125, 74078 Heilbronn, Deutschland"]}],"nutritions":[{"key":"","value":"Unzubereitet"},{"key":" ","value":"100 g"},{"key":"Energie","value":"578 kJ | 138 kcal"},{"key":"Fett","value":"6 g"},{"key":"Fett, davon gesättigte Fettsäuren","value":"4,1 g"},{"key":"Kohlenhydrate","value":"17 g"},{"key":"Kohlenhydrate, davon Zucker","value":"12 g"},{"key":"Eiweiß","value":"3,8 g"},{"key":"Salz","value":"0,2 g"}],"tags":["immer Billig"]},
    {"url":"https://www.interspar.at/shop/lebensmittel/p/2020001039470","data":[{"key":"price","value":"1,49 €"},{"key":"oldPrice","value":"\n\t\t\t\t\t\n\t\t\t\t\t \n\t\t\t\t"},{"key":"pricePerUnit","value":"(5.96 €/kg)"},{"key":"productDetailsName","value":"NÖM fasten - Proteindrink Banane - 250 G"},{"key":"detailsDescription","value":"250 G"},{"key":"articleNumber","value":"Artikelnummer: 2020001039470"},{"key":"Lagerhinweis:","value":["Gekühlt (+ 3-9 °C) lagern."]},{"key":"Zutaten:","value":["Zutaten: MAGERMILCHKONZENTRAT, MAGERMILCHPULVER, modifizierte Stärke, Bananenfruchtpulver (entspricht 1% Bananen), Maltodextrin, Aroma, Süßungsmittel: Sucralose, Farbstoff: Carotin. In Großbuchstaben angegebene Zutaten enthalten allergene Inhaltsstoffe."]},{"key":"Allergene:","value":["Enthält:Milch und daraus gewonnene Erzeugnisse (inkl. Laktose)"]},{"key":"Identitätskennzeichen:","value":["AT 30960 EG"]},{"key":"Kontakt:","value":["NÖM AG","Vöslauer Straße 109, 2500 Baden, Austria","0800 800 500"]}],"nutritions":[],"tags":[]},
    {"url":"https://www.interspar.at/shop/lebensmittel/p/2020001056057","data":[{"key":"price","value":"0,79 €"},{"key":"oldPrice","value":"\n\t\t\t\t\t\n\t\t\t\t\t \n\t\t\t\t"},{"key":"pricePerUnit","value":"(3.16 €/l)"},{"key":"productDetailsName","value":"Müller Select - Müllermilch Weiße Schokolade Himbeere - 250 ML"},{"key":"detailsDescription","value":"250 ML"},{"key":"articleNumber","value":"Artikelnummer: 2020001056057"},{"key":"Lagerhinweis:","value":["Bei maximal + 8°C lagern."]},{"key":"Zutaten:","value":["Zutaten: VOLLMILCH, 10% weiße Schokolade (Zucker, Kakaobutter, VOLLMILCHPULVER, Emulgator: Lecithine (SOJA); Vanilleextrakt, BUTTERMILCH, Zucker, modifizierte Stärke, Himbeersaftkonzentrat, Farbstoff: Echtes Karmin, Carotin; Aroma, Stabilisator: Carrageen. In Großbuchstaben angegebene Zutaten enthalten allergene Inhaltsstoffe."]},{"key":"Allergene:","value":["Enthält:Milch und daraus gewonnene Erzeugnisse (inkl. Laktose), Sojabohnen und daraus gewonnene Erzeugnisse"]},{"key":"Identitätskennzeichen:","value":["DE SN 016 EG"]},{"key":"Kontakt:","value":["Molkerei Alois Müller GmbH & Co. KG","Zollerstraße 7, 86850 Fischach-Aretsried, Deutschland"]}],"nutritions":[{"key":"","value":"Unzubereitet"},{"key":" ","value":"100 g"},{"key":"Energie","value":"547 kJ | 131 kcal"},{"key":"Fett","value":"7,7 g"},{"key":"Fett, davon gesättigte Fettsäuren","value":"5 g"},{"key":"Kohlenhydrate","value":"12 g"},{"key":"Kohlenhydrate, davon Zucker","value":"11,2 g"},{"key":"Eiweiß","value":"3,4 g"},{"key":"Salz","value":"0,13 g"}],"tags":["immer Billig"]},
    {"url":"https://www.interspar.at/shop/lebensmittel/p/2020001078851","data":[{"key":"price","value":"0,99 €"},{"key":"oldPrice","value":"\n\t\t\t\t\t\n\t\t\t\t\t \n\t\t\t\t"},{"key":"pricePerUnit","value":"(3.00 €/l)"},{"key":"productDetailsName","value":"Landliebe - Schoko Milch Milchschoko laktosefrei - 330 ML"},{"key":"detailsDescription","value":"330 ML"},{"key":"articleNumber","value":"Artikelnummer: 2020001078851"},{"key":"Lagerhinweis:","value":["Bei maximal +8 °C lagern."]},{"key":"Zutaten:","value":["Zutaten: Fettarme MILCH, VOLLMILCH, Zucker, 1,6% Schokoladenpulver, 0,5% fettarmer Kakao, Laktase. In Großbuchstaben angegebene Zutaten enthalten allergene Inhaltsstoffe."]},{"key":"Allergene:","value":["Enthält:Milch und daraus gewonnene Erzeugnisse (inkl. Laktose)"]},{"key":"","value":["Laktosefrei"]},{"key":"Identitätskennzeichen:","value":["DE SN 10683 EG"]},{"key":"Kontakt:","value":["Landliebe Molkereiprodukte GmbH","Wimpfener Straße 125, 74078 Heilbronn, Deutschland"]}],"nutritions":[{"key":"","value":"Unzubereitet"},{"key":" ","value":"100 g"},{"key":"Energie","value":"270 kJ | 64 kcal"},{"key":"Fett","value":"2 g"},{"key":"Fett, davon gesättigte Fettsäuren","value":"1,3 g"},{"key":"Kohlenhydrate","value":"7,9 g"},{"key":"Kohlenhydrate, davon Zucker","value":"7,8 g"},{"key":"Eiweiß","value":"3,5 g"},{"key":"Salz","value":"0,12 g"}],"tags":["Lactosefrei"]},
    {"url":"https://www.interspar.at/shop/lebensmittel/p/2020001078967","data":[{"key":"price","value":"0,99 €"},{"key":"oldPrice","value":"\n\t\t\t\t\t\n\t\t\t\t\t \n\t\t\t\t"},{"key":"pricePerUnit","value":"(3.00 €/l)"},{"key":"productDetailsName","value":"Landliebe - Milch Kaffee Milchkaffee laktosefrei - 330 ML"},{"key":"detailsDescription","value":"330 ML"},{"key":"articleNumber","value":"Artikelnummer: 2020001078967"},{"key":"Lagerhinweis:","value":["Bei maximal +8 °C lagern."]},{"key":"Zutaten:","value":["Zutaten: Fettarme MILCH, VOLLMILCH, Zucker, Kaffee-Extrakt, natürliches Kaffeearoma, Laktase. In Großbuchstaben angegebene Zutaten enthalten allergene Inhaltsstoffe."]},{"key":"Allergene:","value":["Enthält:Milch und daraus gewonnene Erzeugnisse (inkl. Laktose)"]},{"key":"","value":["Laktosefrei"]},{"key":"Identitätskennzeichen:","value":["DE SN10683 EG"]},{"key":"Kontakt:","value":["Landliebe Molkereiprodukte GmbH","Wimpfener Straße 125, 74078 Heilbronn, Deutschland"]}],"nutritions":[{"key":"","value":"Unzubereitet"},{"key":" ","value":"100 g"},{"key":"Energie","value":"262 kJ | 62 kcal"},{"key":"Fett","value":"1,9 g"},{"key":"Fett, davon gesättigte Fettsäuren","value":"1,3 g"},{"key":"Kohlenhydrate","value":"7,9 g"},{"key":"Kohlenhydrate, davon Zucker","value":"7,8 g"},{"key":"Eiweiß","value":"3,4 g"},{"key":"Salz","value":"0,19 g"}],"tags":["Lactosefrei"]},
    {"url":"https://www.interspar.at/shop/lebensmittel/p/2020001126286","data":[{"key":"price","value":"0,89 €"},{"key":"oldPrice","value":"\n\t\t\t\t\t\n\t\t\t\t\t \n\t\t\t\t"},{"key":"pricePerUnit","value":"(1.78 €/kg)"},{"key":"productDetailsName","value":"Schärdinger Meine Linie - Schokodrink - 500 G"},{"key":"detailsDescription","value":"500 G"},{"key":"articleNumber","value":"Artikelnummer: 2020001126286"},{"key":"Lagerhinweis:","value":["Gekühlt bei max. + 6 °C lagern. Vor dem Genuss gut schütteln!"]},{"key":"Zutaten:","value":["Zutaten: 85 % laktosefreie MILCH mit 1,5 % Fett, Wasser, 2,8 % Schokoladenpulver (Kakaopulver 54 %, Zucker), MILCHEIWEISS laktosefrei, Zucker, Stärke. In Großbuchstaben angegebene Zutaten enthalten allergene Inhaltsstoffe."]},{"key":"Allergene:","value":["Enthält:Milch und daraus gewonnene Erzeugnisse (inkl. Laktose)"]},{"key":"","value":["Laktosefrei","Niedriger Gehalt an Fett"]},{"key":"Identitätskennzeichen:","value":["AT 20141 EG"]},{"key":"Kontakt:","value":["Berglandmilch eGen","Schubertstraße 30, 4600 Wels, Österreich"]}],"nutritions":[{"key":"","value":"Unzubereitet"},{"key":" ","value":"100 g"},{"key":"Energie","value":"249 kJ | 59 kcal"},{"key":"Fett","value":"1,6 g"},{"key":"Fett, davon gesättigte Fettsäuren","value":"1 g"},{"key":"Kohlenhydrate","value":"7,4 g"},{"key":"Kohlenhydrate, davon Zucker","value":"6,1 g"},{"key":"Ballaststoffe","value":"0,4 g"},{"key":"Eiweiß","value":"3,6 g"},{"key":"Salz","value":"0,13 g"}],"tags":["Lactosefrei"]},
    {"url":"https://www.interspar.at/shop/lebensmittel/p/2020001134892","data":[{"key":"price","value":"0,79 €"},{"key":"oldPrice","value":"\n\t\t\t\t\t\n\t\t\t\t\t \n\t\t\t\t"},{"key":"pricePerUnit","value":"(5.27 €/kg)"},{"key":"productDetailsName","value":"Landliebe - Sahne Pudding Vanille mit Schokosoße - 150 G"},{"key":"detailsDescription","value":"150 G"},{"key":"articleNumber","value":"Artikelnummer: 2020001134892"},{"key":"Lagerhinweis:","value":["Bei max. +8 °C lagern."]},{"key":"Zutaten:","value":["Zutaten: 36% SAHNE, 33% VOLLMILCH, Wasser, Zucker, modifizierte Stärke, 1,9% Schokolade, MAGERMILCHKONZENTRAT, VOLLMILCHPULVER, natürliches Vanillearoma (enthält MILCH), Stärke, Farbstoff: Carotin, Speisesalz, gemahlene Vanilleschoten.. In Großbuchstaben angegebenen Zutaten enthalten allergene Inhaltsstoffe."]},{"key":"Allergene:","value":["Enthält:Milch und daraus gewonnene Erzeugnisse (inkl. Laktose)"]},{"key":"Identitätskennzeichen:","value":["DE BW 033 EG"]},{"key":"Kontakt:","value":["Landliebe Molkereiprodukte GmbH","74078 Heilbronn, Deutschland"]}],"nutritions":[{"key":"","value":"Unzubereitet"},{"key":" ","value":"100 g"},{"key":"Energie","value":"609 kJ | 146 kcal"},{"key":"Fett","value":"7,2 g"},{"key":"Fett, davon gesättigte Fettsäuren","value":"4,9 g"},{"key":"Kohlenhydrate","value":"17 g"},{"key":"Kohlenhydrate, davon Zucker","value":"13 g"},{"key":"Eiweiß","value":"3 g"},{"key":"Salz","value":"0,2 g"}],"tags":[]},
    {"url":"https://www.interspar.at/shop/lebensmittel/p/2020001135486","data":[{"key":"price","value":"0,79 €"},{"key":"oldPrice","value":"\n\t\t\t\t\t\n\t\t\t\t\t \n\t\t\t\t"},{"key":"pricePerUnit","value":"(5.27 €/kg)"},{"key":"productDetailsName","value":"Landliebe - Sahne Pudding Schokolade mit Kirschen - 150 G"},{"key":"detailsDescription","value":"150 G"},{"key":"articleNumber","value":"Artikelnummer: 2020001135486"},{"key":"Lagerhinweis:","value":["Bei max. +8 °C lagern."]},{"key":"Zutaten:","value":["Zutaten: 35% SAHNE, 32% VOLLMILCH, Wasser, Zucker, 7,5% Karamell (Glukose-Fruktose-Sirup, Zucker, KONDENSMILCH), 4% Schokoladenpulver (Zucker, Kakao), modifizierte Stärke, 1,1% fettarmes Kakaopulver, Verdickungsmittel: Johannisbrotkernmehl, Speisesalz, Stärke, natürliches Aroma, Säuerungsmittel: Milchsäure. In Großbuchstaben angegebenen Zutaten enthalten allergene Inhaltsstoffe."]},{"key":"Allergene:","value":["Enthält:Milch und daraus gewonnene Erzeugnisse (inkl. Laktose)"]},{"key":"Identitätskennzeichen:","value":["DE BW 033 EG"]},{"key":"Kontakt:","value":["Landliebe Molkereiprodukte GmbH","74078 Heilbronn, Deutschland"]}],"nutritions":[{"key":"","value":"Unzubereitet"},{"key":" ","value":"100 g"},{"key":"Energie","value":"661 kJ | 158 kcal"},{"key":"Fett","value":"6,7 g"},{"key":"Fett, davon gesättigte Fettsäuren","value":"4,6 g"},{"key":"Kohlenhydrate","value":"21 g"},{"key":"Kohlenhydrate, davon Zucker","value":"18 g"},{"key":"Eiweiß","value":"2,9 g"},{"key":"Salz","value":"0,17 g"}],"tags":[]},
    {"url":"https://www.interspar.at/shop/lebensmittel/p/2020001554751","data":[{"key":"price","value":"0,99 €"},{"key":"oldPrice","value":"\n\t\t\t\t\t\n\t\t\t\t\t \n\t\t\t\t"},{"key":"pricePerUnit","value":"(6.19 €/kg)"},{"key":"productDetailsName","value":"Schärdinger - Pudding Traum Vanille-Sahnep. Erdbeeren & Himbeeren - 160 G"},{"key":"detailsDescription","value":"160 G"},{"key":"articleNumber","value":"Artikelnummer: 2020001554751"},{"key":"Lagerhinweis:","value":["Gekühlt bei max. +6°C lagern."]},{"key":"Zutaten:","value":["Zutaten: MAGERMILCH, 20% SAHNE, 18,8% Fruchtsauce (Wasser, 4,7% Erdbeeren, Zucker, 2,8% Himbeerpüree, 1,9% Himbeeren, Aroniasaftkonzentrat, Stabilisator Pektin, Zitronensaftkonzentrat), Zucker, modifizierte Stärke, LAKTOSE, Vanilleextrakt, Verdickungsmittel Carrageen, gemahlene Bourbon-Vanilleschoten, Farbstoff Beta-Carotin. In Großbuchstaben angegebene Zutaten enthalten allergene Inhaltsstoffe."]},{"key":"Allergene:","value":["Enthält:Milch und daraus gewonnene Erzeugnisse (inkl. Laktose)"]},{"key":"Identitätskennzeichen:","value":["AT 30751 EG"]},{"key":"Kontakt:","value":["Berglandmilch eGen","Schubertstraße 30, 4600 Wels, Österreich"]}],"nutritions":[{"key":"","value":"Unzubereitet"},{"key":" ","value":"100 g"},{"key":"Energie","value":"596 kJ | 142 kcal"},{"key":"Fett","value":"7,2 g"},{"key":"Fett, davon gesättigte Fettsäuren","value":"4,8 g"},{"key":"Kohlenhydrate","value":"17 g"},{"key":"Kohlenhydrate, davon Zucker","value":"15 g"},{"key":"Eiweiß","value":"2,4 g"},{"key":"Salz","value":"0,14 g"}],"tags":[]},
    {"url":"https://www.interspar.at/shop/lebensmittel/p/2020001554799","data":[{"key":"price","value":"0,99 €"},{"key":"oldPrice","value":"\n\t\t\t\t\t\n\t\t\t\t\t \n\t\t\t\t"},{"key":"pricePerUnit","value":"(6.19 €/kg)"},{"key":"productDetailsName","value":"Schärdinger - Pudding Traum Schoko-Sahnep. Weichseln - 160 G"},{"key":"detailsDescription","value":"160 G"},{"key":"articleNumber","value":"Artikelnummer: 2020001554799"},{"key":"Lagerhinweis:","value":["Gekühlt bei max. +6°C lagern."]},{"key":"Zutaten:","value":["Zutaten: MAGERMILCH, 19% SAHNE, 18,8% Fruchtsauce (10,1% Weichseln, Wasser, Zucker, 1,1% Weichselpüree, modifizierte Stärke, Stabilisator Pektin, Zitronensaftkonzentrat), Zucker, 1,7% Schokolade (Zucker, Kakaomasse, fettarmes Kakaopulver, natürliches Vanillearoma), 1,6% Kakaopulver, MAGERMILCHpulver, Verdickungsmittel Carrageen. In Großbuchstaben angegebene Zutaten enthalten allergene Inhaltsstoffe."]},{"key":"Allergene:","value":["Enthält:Milch und daraus gewonnene Erzeugnisse (inkl. Laktose)"]},{"key":"Identitätskennzeichen:","value":["AT 30751 EG"]},{"key":"Kontakt:","value":["Berglandmilch eGen","Schubertstraße 30, 4600 Wels, Österreich"]}],"nutritions":[{"key":"","value":"Unzubereitet"},{"key":"Energie","value":"640 kJ | 153 kcal"},{"key":"Fett","value":"7,7 g"},{"key":"Fett, davon gesättigte Fettsäuren","value":"5,1 g"},{"key":"Kohlenhydrate","value":"18 g"},{"key":"Kohlenhydrate, davon Zucker","value":"15 g"},{"key":"Eiweiß","value":"2,9 g"},{"key":"Salz","value":"0,13 g"}],"tags":["Glutenfrei"]},
    {"url":"https://www.interspar.at/shop/lebensmittel/p/2020001736881","data":[{"key":"price","value":"0,45 €"},{"key":"oldPrice","value":"\n\t\t\t\t\t\n\t\t\t\t\t \n\t\t\t\t"},{"key":"pricePerUnit","value":"(3.91 €/kg)"},{"key":"productDetailsName","value":"Ehrmann Grieß Traum - Grießtraum Erdbeer - 115 G"},{"key":"detailsDescription","value":"115 G"},{"key":"articleNumber","value":"Artikelnummer: 2020001736881"},{"key":"Zutaten:","value":["Zutaten: entrahmte MILCH, Glukose-Fruktosesirup, Erdbeeren, SAHNE, Wasser, Zucker, 4% HARTWEIZENGRIESS, modifizierte Stärke, Speisegelatine, Verdickungsmittel: Pektine, Carrageen, Guarkernmehl, Johannisbrotkernmehl; Emulgator: Mono- und Diglyceride von Speisefettsäuren, WEIZENSTÄRKE, Aroma, Farbstoffe: Carotin, Echtes Karmin, Salz. In Großbuchstaben angegebene Zutaten enthalten allergene Inhaltsstoffe."]},{"key":"Allergene:","value":["Kann Spuren enthalten von:Sojabohnen und daraus gewonnene Erzeugnisse","Enthält:Glutenhaltiges Getreide und daraus hergestellte Erzeugnisse, Milch und daraus gewonnene Erzeugnisse (inkl. Laktose)"]},{"key":"Kontakt:","value":["Ehrmann GmbH","Hauptstr. 19, 87770 Oberschönegg, Deutschland"]}],"nutritions":[{"key":"","value":"Unzubereitet"},{"key":" ","value":"100 g"},{"key":"Energie","value":"489 kJ | 116 kcal"},{"key":"Fett","value":"3,1 g"},{"key":"Fett, davon gesättigte Fettsäuren","value":"2 g"},{"key":"Kohlenhydrate","value":"19 g"},{"key":"Kohlenhydrate, davon Zucker","value":"16 g"},{"key":"Eiweiß","value":"3 g"},{"key":"Salz","value":"0,13 g"}],"tags":[]},
    {"url":"https://www.interspar.at/shop/lebensmittel/p/2020001736980","data":[{"key":"price","value":"0,45 €"},{"key":"oldPrice","value":"\n\t\t\t\t\t\n\t\t\t\t\t \n\t\t\t\t"},{"key":"pricePerUnit","value":"(3.91 €/kg)"},{"key":"productDetailsName","value":"Ehrmann Grieß Traum - Grießtraum Kirsche - 115 G"},{"key":"detailsDescription","value":"115 G"},{"key":"articleNumber","value":"Artikelnummer: 2020001736980"},{"key":"Lagerhinweis:","value":["Bei max. +8°C lagern."]},{"key":"Zutaten:","value":["Zutaten: entrahmte MILCH, Glukose-Fruktosesirup, Kirschen, SAHNE, Wasser, Zucker, 4% HARTWEIZENGRIESS, modifizierte Stärke, Speisegelatine, Verdickungsmittel: Pektine, Carrageen, Guarkernmehl, Johannisbrotkernmehl; Emulgator: Mono- und Diglyceride von Speisefettsäuren, WEIZENSTÄRKE, Aroma, Farbstoffe: Carotin, Echtes Karmin; Salz. In Großbuchstaben angegebene Zutaten enthalten allergene Inhaltsstoffe."]},{"key":"Allergene:","value":["Kann Spuren enthalten von:Sojabohnen und daraus gewonnene Erzeugnisse","Enthält:Glutenhaltiges Getreide und daraus hergestellte Erzeugnisse, Milch und daraus gewonnene Erzeugnisse (inkl. Laktose)"]},{"key":"Kontakt:","value":["Ehrmann GmbH","Hauptstr. 19, 87770 Oberschönegg, Deutschland"]}],"nutritions":[{"key":"","value":"Unzubereitet"},{"key":" ","value":"100 g"},{"key":"Energie","value":"507 kJ | 120 kcal"},{"key":"Fett","value":"3,1 g"},{"key":"Fett, davon gesättigte Fettsäuren","value":"2 g"},{"key":"Kohlenhydrate","value":"20 g"},{"key":"Kohlenhydrate, davon Zucker","value":"17 g"},{"key":"Eiweiß","value":"3,1 g"},{"key":"Salz","value":"0,13 g"}],"tags":[]},
    {"url":"https://www.interspar.at/shop/lebensmittel/p/2020001737048","data":[{"key":"price","value":"0,45 €"},{"key":"oldPrice","value":"\n\t\t\t\t\t\n\t\t\t\t\t \n\t\t\t\t"},{"key":"pricePerUnit","value":"(3.91 €/kg)"},{"key":"productDetailsName","value":"Ehrmann Grieß Traum - Grießtraum Pfirsich - 115 G"},{"key":"detailsDescription","value":"115 G"},{"key":"articleNumber","value":"Artikelnummer: 2020001737048"},{"key":"Lagerhinweis:","value":["Bei max. +8°C lagern."]},{"key":"Zutaten:","value":["Zutaten: entrahmte MILCH, Glukose-Fruktosesirup, Pfirsiche, SAHNE, Zucker, Wasser, 4% HARTWEIZENGRIESS, modifizierte Stärke Speisegelatine, Verdickungsmittel: Pektine, Carrageen, Guarkernmehl, Johannisbrotkernmehl; Emulgator: Mono- und Diglyceride von Speisefettsäuren, WEIZENSTÄRKE, Aroma, Farbstoff: Carotin, Salz. In Großbuchstaben angegebene Zutaten enthalten allergene Inhaltsstoffe."]},{"key":"Allergene:","value":["Kann Spuren enthalten von:Sojabohnen und daraus gewonnene Erzeugnisse","Enthält:Glutenhaltiges Getreide und daraus hergestellte Erzeugnisse, Milch und daraus gewonnene Erzeugnisse (inkl. Laktose)"]},{"key":"Kontakt:","value":["Ehrmann GmbH","Hauptstr. 19, 87770 Oberschönegg, Deutschland"]}],"nutritions":[{"key":"","value":"Unzubereitet"},{"key":" ","value":"100 g"},{"key":"Energie","value":"516 kJ | 122 kcal"},{"key":"Fett","value":"3,1 g"},{"key":"Fett, davon gesättigte Fettsäuren","value":"2 g"},{"key":"Kohlenhydrate","value":"20,5 g"},{"key":"Kohlenhydrate, davon Zucker","value":"17,5 g"},{"key":"Eiweiß","value":"3,1 g"},{"key":"Salz","value":"0,13 g"}],"tags":[]},
    {"url":"https://www.interspar.at/shop/lebensmittel/p/2020001737109","data":[{"key":"price","value":"0,45 €"},{"key":"oldPrice","value":"\n\t\t\t\t\t\n\t\t\t\t\t \n\t\t\t\t"},{"key":"pricePerUnit","value":"(3.91 €/kg)"},{"key":"productDetailsName","value":"Ehrmann Grieß Traum - Grießtraum Schoko - 115 G"},{"key":"detailsDescription","value":"115 G"},{"key":"articleNumber","value":"Artikelnummer: 2020001737109"},{"key":"Lagerhinweis:","value":["Bei max. +8°C lagern."]},{"key":"Zutaten:","value":["Zutaten: entrahmte MILCH, Wasser, Glukose-Fruktosesirup, SAHNE, Zucker, 4 % HARTWEIZENGRIESS, 1,9 % Schokolade (Kakaopulver, Zucker, Kakaomasse, Kakaobutter), VOLLMILCHPULVER, modifizierte Stärke, Speisegelatine, Verdickungsmittel Carrageen, Emulgator: Mono- und Diglyceride von Speisefettsäuren, WEIZENSTÄRKE, Aroma, Farbstoff: Carotin, Salz. Mit Stickstoff aufgeschlagen.  In Großbuchstaben angegebene Zutaten enthalten allergene Inhaltsstoffe."]},{"key":"Allergene:","value":["Kann Spuren enthalten von:Sojabohnen und daraus gewonnene Erzeugnisse","Enthält:Glutenhaltiges Getreide und daraus hergestellte Erzeugnisse, Milch und daraus gewonnene Erzeugnisse (inkl. Laktose)"]},{"key":"Kontakt:","value":["Ehrmann GmbH","Hauptstr. 19, 87770 Oberschönegg, Deutschland"]}],"nutritions":[{"key":"","value":"Unzubereitet"},{"key":" ","value":"100 g"},{"key":"Energie","value":"514 kJ | 122 kcal"},{"key":"Fett","value":"3,6 g"},{"key":"Fett, davon gesättigte Fettsäuren","value":"2,4 g"},{"key":"Kohlenhydrate","value":"19 g"},{"key":"Kohlenhydrate, davon Zucker","value":"16 g"},{"key":"Eiweiß","value":"3,4 g"},{"key":"Salz","value":"0,13 g"}],"tags":[]},
    {"url":"https://www.interspar.at/shop/lebensmittel/p/2020001850525","data":[{"key":"price","value":"1,99 €"},{"key":"oldPrice","value":"\n\t\t\t\t\t\n\t\t\t\t\t \n\t\t\t\t"},{"key":"pricePerUnit","value":"(7.96 €/kg)"},{"key":"productDetailsName","value":"QimiQ - Whip Natur - 250 G"},{"key":"detailsDescription","value":"250 G"},{"key":"articleNumber","value":"Artikelnummer: 2020001850525"},{"key":"Lagerhinweis:","value":["Nach dem Öffnen im Kühlschrank aufbewahren und innerhalb von 3-4 Tagen aufbrauchen."]},{"key":"Zutaten:","value":["Zutaten: 94,5% SAHNE (18% Fett), Emulgator: Essigsäureester von Mono- und Diglyceriden von Fettsäuren. In Großbuchstaben angegebene Zutaten enthalten allergene Inhaltsstoffe."]},{"key":"Allergene:","value":["Enthält:Milch und daraus gewonnene Erzeugnisse (inkl. Laktose)"]},{"key":"Zubereitung:","value":["Verzehrfertig"]},{"key":"Identitätskennzeichen:","value":["AT50151EG"]},{"key":"Kontakt:","value":["QimiQ Handels GmbH","Lettlweg 5, 5322 Hof bei Salzburg, Österreich"]}],"nutritions":[{"key":"","value":"Unzubereitet"},{"key":" ","value":"100 g"},{"key":"Energie","value":"866 kJ | 207 kcal"},{"key":"Fett","value":"18,7 g"},{"key":"Fett, davon gesättigte Fettsäuren","value":"12 g"},{"key":"Kohlenhydrate","value":"4,5 g"},{"key":"Kohlenhydrate, davon Zucker","value":"4,5 g"},{"key":"Eiweiß","value":"5,2 g"},{"key":"Salz","value":"0,14 g"}],"tags":["Glutenfrei"]},
    {"url":"https://www.interspar.at/shop/lebensmittel/p/2020001850549","data":[{"key":"price","value":"1,99 €"},{"key":"oldPrice","value":"\n\t\t\t\t\t\n\t\t\t\t\t \n\t\t\t\t"},{"key":"pricePerUnit","value":"(7.96 €/kg)"},{"key":"productDetailsName","value":"QimiQ - Whip Vanille - 250 G"},{"key":"detailsDescription","value":"250 G"},{"key":"articleNumber","value":"Artikelnummer: 2020001850549"},{"key":"Lagerhinweis:","value":["Nach dem Öffnen im Kühlschrank aufbewahren und innerhalb von 3-4 Tagen aufbrauchen."]},{"key":"Zutaten:","value":["Zutaten: 87% SAHNE (18% Fett), Zucker, Emulgator: Essigsäureester von Mono- und Diglyceriden von Speisefettsäuren, Gelatine, modifizierte Stärke, Aroma, Farbstoff: Betacarotin. In Großbuchstaben angegebene Zutaten enthalten allergene Inhaltsstoffe."]},{"key":"Allergene:","value":["Enthält:Milch und daraus gewonnene Erzeugnisse (inkl. Laktose)"]},{"key":"Zubereitung:","value":["Verzehrfertig"]},{"key":"Identitätskennzeichen:","value":["AT50151EG"]},{"key":"Kontakt:","value":["QimiQ Handels GmbH","Lettlweg 5, 5322 Hof bei Salzburg, Österreich"]}],"nutritions":[{"key":"","value":"Unzubereitet"},{"key":" ","value":"100 g"},{"key":"Energie","value":"903 kJ | 217 kcal"},{"key":"Fett","value":"16,6 g"},{"key":"Fett, davon gesättigte Fettsäuren","value":"10,8 g"},{"key":"Kohlenhydrate","value":"13,4 g"},{"key":"Kohlenhydrate, davon Zucker","value":"13,4 g"},{"key":"Eiweiß","value":"3,6 g"},{"key":"Salz","value":"0,14 g"}],"tags":["Glutenfrei"]},
    {"url":"https://www.interspar.at/shop/lebensmittel/p/2020001850556","data":[{"key":"price","value":"1,99 €"},{"key":"oldPrice","value":"\n\t\t\t\t\t\n\t\t\t\t\t \n\t\t\t\t"},{"key":"pricePerUnit","value":"(7.96 €/kg)"},{"key":"productDetailsName","value":"QimiQ - Whip Schoko - 250 G"},{"key":"detailsDescription","value":"250 G"},{"key":"articleNumber","value":"Artikelnummer: 2020001850556"},{"key":"Lagerhinweis:","value":["Nach dem Öffnen im Kühlschrank aufbewahren und innerhalb von 3-4 Tagen aufbrauchen."]},{"key":"Zutaten:","value":["Zutaten: 76% SAHNE (18% Fett), Zucker, Schokoladenpulver (6,7%, Kakaopulver, Zucker), Emulgator: Essigsäureester von Mono-Diglyceriden von Speisefettsäuren, Gelatine. In Großbuchstaben angegebene Zutaten enthalten allergene Inhaltsstoffe."]},{"key":"Allergene:","value":["Enthält:Milch und daraus gewonnene Erzeugnisse (inkl. Laktose)"]},{"key":"Zubereitung:","value":["Verzehrfertig"]},{"key":"Identitätskennzeichen:","value":["AT50151EG"]},{"key":"Kontakt:","value":["QimiQ Handels GmbH","Lettlweg 5, 5322 Hof bei Salzburg, Österreich"]}],"nutritions":[{"key":"","value":"Unzubereitet"},{"key":" ","value":"100 g"},{"key":"Energie","value":"1012 kJ | 242 kcal"},{"key":"Fett","value":"15,6 g"},{"key":"Fett, davon gesättigte Fettsäuren","value":"9,4 g"},{"key":"Kohlenhydrate","value":"21,5 g"},{"key":"Kohlenhydrate, davon Zucker","value":"21,5 g"},{"key":"Eiweiß","value":"4,1 g"},{"key":"Salz","value":"0,14 g"}],"tags":["Glutenfrei"]},
    {"url":"https://www.interspar.at/shop/lebensmittel/p/2020001126286","data":[{"key":"price","value":"0,89 €"},{"key":"oldPrice","value":"\n\t\t\t\t\t\n\t\t\t\t\t \n\t\t\t\t"},{"key":"pricePerUnit","value":"(1.78 €/kg)"},{"key":"productDetailsName","value":"Schärdinger Meine Linie - Schokodrink - 500 G"},{"key":"detailsDescription","value":"500 G"},{"key":"articleNumber","value":"Artikelnummer: 2020001126286"},{"key":"Lagerhinweis:","value":["Gekühlt bei max. + 6 °C lagern. Vor dem Genuss gut schütteln!"]},{"key":"Zutaten:","value":["Zutaten: 85 % laktosefreie MILCH mit 1,5 % Fett, Wasser, 2,8 % Schokoladenpulver (Kakaopulver 54 %, Zucker), MILCHEIWEISS laktosefrei, Zucker, Stärke. In Großbuchstaben angegebene Zutaten enthalten allergene Inhaltsstoffe."]},{"key":"Allergene:","value":["Enthält:Milch und daraus gewonnene Erzeugnisse (inkl. Laktose)"]},{"key":"","value":["Laktosefrei","Niedriger Gehalt an Fett"]},{"key":"Identitätskennzeichen:","value":["AT 20141 EG"]},{"key":"Kontakt:","value":["Berglandmilch eGen","Schubertstraße 30, 4600 Wels, Österreich"]}],"nutritions":[{"key":"","value":"Unzubereitet"},{"key":" ","value":"100 g"},{"key":"Energie","value":"249 kJ | 59 kcal"},{"key":"Fett","value":"1,6 g"},{"key":"Fett, davon gesättigte Fettsäuren","value":"1 g"},{"key":"Kohlenhydrate","value":"7,4 g"},{"key":"Kohlenhydrate, davon Zucker","value":"6,1 g"},{"key":"Ballaststoffe","value":"0,4 g"},{"key":"Eiweiß","value":"3,6 g"},{"key":"Salz","value":"0,13 g"}],"tags":["Lactosefrei"]},
    {"url":"https://www.interspar.at/shop/lebensmittel/p/2020001134892","data":[{"key":"price","value":"0,79 €"},{"key":"oldPrice","value":"\n\t\t\t\t\t\n\t\t\t\t\t \n\t\t\t\t"},{"key":"pricePerUnit","value":"(5.27 €/kg)"},{"key":"productDetailsName","value":"Landliebe - Sahne Pudding Vanille mit Schokosoße - 150 G"},{"key":"detailsDescription","value":"150 G"},{"key":"articleNumber","value":"Artikelnummer: 2020001134892"},{"key":"Lagerhinweis:","value":["Bei max. +8 °C lagern."]},{"key":"Zutaten:","value":["Zutaten: 36% SAHNE, 33% VOLLMILCH, Wasser, Zucker, modifizierte Stärke, 1,9% Schokolade, MAGERMILCHKONZENTRAT, VOLLMILCHPULVER, natürliches Vanillearoma (enthält MILCH), Stärke, Farbstoff: Carotin, Speisesalz, gemahlene Vanilleschoten.. In Großbuchstaben angegebenen Zutaten enthalten allergene Inhaltsstoffe."]},{"key":"Allergene:","value":["Enthält:Milch und daraus gewonnene Erzeugnisse (inkl. Laktose)"]},{"key":"Identitätskennzeichen:","value":["DE BW 033 EG"]},{"key":"Kontakt:","value":["Landliebe Molkereiprodukte GmbH","74078 Heilbronn, Deutschland"]}],"nutritions":[{"key":"","value":"Unzubereitet"},{"key":" ","value":"100 g"},{"key":"Energie","value":"609 kJ | 146 kcal"},{"key":"Fett","value":"7,2 g"},{"key":"Fett, davon gesättigte Fettsäuren","value":"4,9 g"},{"key":"Kohlenhydrate","value":"17 g"},{"key":"Kohlenhydrate, davon Zucker","value":"13 g"},{"key":"Eiweiß","value":"3 g"},{"key":"Salz","value":"0,2 g"}],"tags":[]},
    {"url":"https://www.interspar.at/shop/lebensmittel/p/2020001135486","data":[{"key":"price","value":"0,79 €"},{"key":"oldPrice","value":"\n\t\t\t\t\t\n\t\t\t\t\t \n\t\t\t\t"},{"key":"pricePerUnit","value":"(5.27 €/kg)"},{"key":"productDetailsName","value":"Landliebe - Sahne Pudding Schokolade mit Kirschen - 150 G"},{"key":"detailsDescription","value":"150 G"},{"key":"articleNumber","value":"Artikelnummer: 2020001135486"},{"key":"Lagerhinweis:","value":["Bei max. +8 °C lagern."]},{"key":"Zutaten:","value":["Zutaten: 35% SAHNE, 32% VOLLMILCH, Wasser, Zucker, 7,5% Karamell (Glukose-Fruktose-Sirup, Zucker, KONDENSMILCH), 4% Schokoladenpulver (Zucker, Kakao), modifizierte Stärke, 1,1% fettarmes Kakaopulver, Verdickungsmittel: Johannisbrotkernmehl, Speisesalz, Stärke, natürliches Aroma, Säuerungsmittel: Milchsäure. In Großbuchstaben angegebenen Zutaten enthalten allergene Inhaltsstoffe."]},{"key":"Allergene:","value":["Enthält:Milch und daraus gewonnene Erzeugnisse (inkl. Laktose)"]},{"key":"Identitätskennzeichen:","value":["DE BW 033 EG"]},{"key":"Kontakt:","value":["Landliebe Molkereiprodukte GmbH","74078 Heilbronn, Deutschland"]}],"nutritions":[{"key":"","value":"Unzubereitet"},{"key":" ","value":"100 g"},{"key":"Energie","value":"661 kJ | 158 kcal"},{"key":"Fett","value":"6,7 g"},{"key":"Fett, davon gesättigte Fettsäuren","value":"4,6 g"},{"key":"Kohlenhydrate","value":"21 g"},{"key":"Kohlenhydrate, davon Zucker","value":"18 g"},{"key":"Eiweiß","value":"2,9 g"},{"key":"Salz","value":"0,17 g"}],"tags":[]},
    {"url":"https://www.interspar.at/shop/lebensmittel/p/2020001554751","data":[{"key":"price","value":"0,99 €"},{"key":"oldPrice","value":"\n\t\t\t\t\t\n\t\t\t\t\t \n\t\t\t\t"},{"key":"pricePerUnit","value":"(6.19 €/kg)"},{"key":"productDetailsName","value":"Schärdinger - Pudding Traum Vanille-Sahnep. Erdbeeren & Himbeeren - 160 G"},{"key":"detailsDescription","value":"160 G"},{"key":"articleNumber","value":"Artikelnummer: 2020001554751"},{"key":"Lagerhinweis:","value":["Gekühlt bei max. +6°C lagern."]},{"key":"Zutaten:","value":["Zutaten: MAGERMILCH, 20% SAHNE, 18,8% Fruchtsauce (Wasser, 4,7% Erdbeeren, Zucker, 2,8% Himbeerpüree, 1,9% Himbeeren, Aroniasaftkonzentrat, Stabilisator Pektin, Zitronensaftkonzentrat), Zucker, modifizierte Stärke, LAKTOSE, Vanilleextrakt, Verdickungsmittel Carrageen, gemahlene Bourbon-Vanilleschoten, Farbstoff Beta-Carotin. In Großbuchstaben angegebene Zutaten enthalten allergene Inhaltsstoffe."]},{"key":"Allergene:","value":["Enthält:Milch und daraus gewonnene Erzeugnisse (inkl. Laktose)"]},{"key":"Identitätskennzeichen:","value":["AT 30751 EG"]},{"key":"Kontakt:","value":["Berglandmilch eGen","Schubertstraße 30, 4600 Wels, Österreich"]}],"nutritions":[{"key":"","value":"Unzubereitet"},{"key":" ","value":"100 g"},{"key":"Energie","value":"596 kJ | 142 kcal"},{"key":"Fett","value":"7,2 g"},{"key":"Fett, davon gesättigte Fettsäuren","value":"4,8 g"},{"key":"Kohlenhydrate","value":"17 g"},{"key":"Kohlenhydrate, davon Zucker","value":"15 g"},{"key":"Eiweiß","value":"2,4 g"},{"key":"Salz","value":"0,14 g"}],"tags":[]},
    {"url":"https://www.interspar.at/shop/lebensmittel/p/2020001554799","data":[{"key":"price","value":"0,99 €"},{"key":"oldPrice","value":"\n\t\t\t\t\t\n\t\t\t\t\t \n\t\t\t\t"},{"key":"pricePerUnit","value":"(6.19 €/kg)"},{"key":"productDetailsName","value":"Schärdinger - Pudding Traum Schoko-Sahnep. Weichseln - 160 G"},{"key":"detailsDescription","value":"160 G"},{"key":"articleNumber","value":"Artikelnummer: 2020001554799"},{"key":"Lagerhinweis:","value":["Gekühlt bei max. +6°C lagern."]},{"key":"Zutaten:","value":["Zutaten: MAGERMILCH, 19% SAHNE, 18,8% Fruchtsauce (10,1% Weichseln, Wasser, Zucker, 1,1% Weichselpüree, modifizierte Stärke, Stabilisator Pektin, Zitronensaftkonzentrat), Zucker, 1,7% Schokolade (Zucker, Kakaomasse, fettarmes Kakaopulver, natürliches Vanillearoma), 1,6% Kakaopulver, MAGERMILCHpulver, Verdickungsmittel Carrageen. In Großbuchstaben angegebene Zutaten enthalten allergene Inhaltsstoffe."]},{"key":"Allergene:","value":["Enthält:Milch und daraus gewonnene Erzeugnisse (inkl. Laktose)"]},{"key":"Identitätskennzeichen:","value":["AT 30751 EG"]},{"key":"Kontakt:","value":["Berglandmilch eGen","Schubertstraße 30, 4600 Wels, Österreich"]}],"nutritions":[{"key":"","value":"Unzubereitet"},{"key":"Energie","value":"640 kJ | 153 kcal"},{"key":"Fett","value":"7,7 g"},{"key":"Fett, davon gesättigte Fettsäuren","value":"5,1 g"},{"key":"Kohlenhydrate","value":"18 g"},{"key":"Kohlenhydrate, davon Zucker","value":"15 g"},{"key":"Eiweiß","value":"2,9 g"},{"key":"Salz","value":"0,13 g"}],"tags":["Glutenfrei"]},
    {"url":"https://www.interspar.at/shop/lebensmittel/p/2020001736881","data":[{"key":"price","value":"0,45 €"},{"key":"oldPrice","value":"\n\t\t\t\t\t\n\t\t\t\t\t \n\t\t\t\t"},{"key":"pricePerUnit","value":"(3.91 €/kg)"},{"key":"productDetailsName","value":"Ehrmann Grieß Traum - Grießtraum Erdbeer - 115 G"},{"key":"detailsDescription","value":"115 G"},{"key":"articleNumber","value":"Artikelnummer: 2020001736881"},{"key":"Zutaten:","value":["Zutaten: entrahmte MILCH, Glukose-Fruktosesirup, Erdbeeren, SAHNE, Wasser, Zucker, 4% HARTWEIZENGRIESS, modifizierte Stärke, Speisegelatine, Verdickungsmittel: Pektine, Carrageen, Guarkernmehl, Johannisbrotkernmehl; Emulgator: Mono- und Diglyceride von Speisefettsäuren, WEIZENSTÄRKE, Aroma, Farbstoffe: Carotin, Echtes Karmin, Salz. In Großbuchstaben angegebene Zutaten enthalten allergene Inhaltsstoffe."]},{"key":"Allergene:","value":["Kann Spuren enthalten von:Sojabohnen und daraus gewonnene Erzeugnisse","Enthält:Glutenhaltiges Getreide und daraus hergestellte Erzeugnisse, Milch und daraus gewonnene Erzeugnisse (inkl. Laktose)"]},{"key":"Kontakt:","value":["Ehrmann GmbH","Hauptstr. 19, 87770 Oberschönegg, Deutschland"]}],"nutritions":[{"key":"","value":"Unzubereitet"},{"key":" ","value":"100 g"},{"key":"Energie","value":"489 kJ | 116 kcal"},{"key":"Fett","value":"3,1 g"},{"key":"Fett, davon gesättigte Fettsäuren","value":"2 g"},{"key":"Kohlenhydrate","value":"19 g"},{"key":"Kohlenhydrate, davon Zucker","value":"16 g"},{"key":"Eiweiß","value":"3 g"},{"key":"Salz","value":"0,13 g"}],"tags":[]},
    {"url":"https://www.interspar.at/shop/lebensmittel/p/2020001736980","data":[{"key":"price","value":"0,45 €"},{"key":"oldPrice","value":"\n\t\t\t\t\t\n\t\t\t\t\t \n\t\t\t\t"},{"key":"pricePerUnit","value":"(3.91 €/kg)"},{"key":"productDetailsName","value":"Ehrmann Grieß Traum - Grießtraum Kirsche - 115 G"},{"key":"detailsDescription","value":"115 G"},{"key":"articleNumber","value":"Artikelnummer: 2020001736980"},{"key":"Lagerhinweis:","value":["Bei max. +8°C lagern."]},{"key":"Zutaten:","value":["Zutaten: entrahmte MILCH, Glukose-Fruktosesirup, Kirschen, SAHNE, Wasser, Zucker, 4% HARTWEIZENGRIESS, modifizierte Stärke, Speisegelatine, Verdickungsmittel: Pektine, Carrageen, Guarkernmehl, Johannisbrotkernmehl; Emulgator: Mono- und Diglyceride von Speisefettsäuren, WEIZENSTÄRKE, Aroma, Farbstoffe: Carotin, Echtes Karmin; Salz. In Großbuchstaben angegebene Zutaten enthalten allergene Inhaltsstoffe."]},{"key":"Allergene:","value":["Kann Spuren enthalten von:Sojabohnen und daraus gewonnene Erzeugnisse","Enthält:Glutenhaltiges Getreide und daraus hergestellte Erzeugnisse, Milch und daraus gewonnene Erzeugnisse (inkl. Laktose)"]},{"key":"Kontakt:","value":["Ehrmann GmbH","Hauptstr. 19, 87770 Oberschönegg, Deutschland"]}],"nutritions":[{"key":"","value":"Unzubereitet"},{"key":" ","value":"100 g"},{"key":"Energie","value":"507 kJ | 120 kcal"},{"key":"Fett","value":"3,1 g"},{"key":"Fett, davon gesättigte Fettsäuren","value":"2 g"},{"key":"Kohlenhydrate","value":"20 g"},{"key":"Kohlenhydrate, davon Zucker","value":"17 g"},{"key":"Eiweiß","value":"3,1 g"},{"key":"Salz","value":"0,13 g"}],"tags":[]},
    {"url":"https://www.interspar.at/shop/lebensmittel/p/2020001737048","data":[{"key":"price","value":"0,45 €"},{"key":"oldPrice","value":"\n\t\t\t\t\t\n\t\t\t\t\t \n\t\t\t\t"},{"key":"pricePerUnit","value":"(3.91 €/kg)"},{"key":"productDetailsName","value":"Ehrmann Grieß Traum - Grießtraum Pfirsich - 115 G"},{"key":"detailsDescription","value":"115 G"},{"key":"articleNumber","value":"Artikelnummer: 2020001737048"},{"key":"Lagerhinweis:","value":["Bei max. +8°C lagern."]},{"key":"Zutaten:","value":["Zutaten: entrahmte MILCH, Glukose-Fruktosesirup, Pfirsiche, SAHNE, Zucker, Wasser, 4% HARTWEIZENGRIESS, modifizierte Stärke Speisegelatine, Verdickungsmittel: Pektine, Carrageen, Guarkernmehl, Johannisbrotkernmehl; Emulgator: Mono- und Diglyceride von Speisefettsäuren, WEIZENSTÄRKE, Aroma, Farbstoff: Carotin, Salz. In Großbuchstaben angegebene Zutaten enthalten allergene Inhaltsstoffe."]},{"key":"Allergene:","value":["Kann Spuren enthalten von:Sojabohnen und daraus gewonnene Erzeugnisse","Enthält:Glutenhaltiges Getreide und daraus hergestellte Erzeugnisse, Milch und daraus gewonnene Erzeugnisse (inkl. Laktose)"]},{"key":"Kontakt:","value":["Ehrmann GmbH","Hauptstr. 19, 87770 Oberschönegg, Deutschland"]}],"nutritions":[{"key":"","value":"Unzubereitet"},{"key":" ","value":"100 g"},{"key":"Energie","value":"516 kJ | 122 kcal"},{"key":"Fett","value":"3,1 g"},{"key":"Fett, davon gesättigte Fettsäuren","value":"2 g"},{"key":"Kohlenhydrate","value":"20,5 g"},{"key":"Kohlenhydrate, davon Zucker","value":"17,5 g"},{"key":"Eiweiß","value":"3,1 g"},{"key":"Salz","value":"0,13 g"}],"tags":[]},
    {"url":"https://www.interspar.at/shop/lebensmittel/p/2020001737109","data":[{"key":"price","value":"0,45 €"},{"key":"oldPrice","value":"\n\t\t\t\t\t\n\t\t\t\t\t \n\t\t\t\t"},{"key":"pricePerUnit","value":"(3.91 €/kg)"},{"key":"productDetailsName","value":"Ehrmann Grieß Traum - Grießtraum Schoko - 115 G"},{"key":"detailsDescription","value":"115 G"},{"key":"articleNumber","value":"Artikelnummer: 2020001737109"},{"key":"Lagerhinweis:","value":["Bei max. +8°C lagern."]},{"key":"Zutaten:","value":["Zutaten: entrahmte MILCH, Wasser, Glukose-Fruktosesirup, SAHNE, Zucker, 4 % HARTWEIZENGRIESS, 1,9 % Schokolade (Kakaopulver, Zucker, Kakaomasse, Kakaobutter), VOLLMILCHPULVER, modifizierte Stärke, Speisegelatine, Verdickungsmittel Carrageen, Emulgator: Mono- und Diglyceride von Speisefettsäuren, WEIZENSTÄRKE, Aroma, Farbstoff: Carotin, Salz. Mit Stickstoff aufgeschlagen.  In Großbuchstaben angegebene Zutaten enthalten allergene Inhaltsstoffe."]},{"key":"Allergene:","value":["Kann Spuren enthalten von:Sojabohnen und daraus gewonnene Erzeugnisse","Enthält:Glutenhaltiges Getreide und daraus hergestellte Erzeugnisse, Milch und daraus gewonnene Erzeugnisse (inkl. Laktose)"]},{"key":"Kontakt:","value":["Ehrmann GmbH","Hauptstr. 19, 87770 Oberschönegg, Deutschland"]}],"nutritions":[{"key":"","value":"Unzubereitet"},{"key":" ","value":"100 g"},{"key":"Energie","value":"514 kJ | 122 kcal"},{"key":"Fett","value":"3,6 g"},{"key":"Fett, davon gesättigte Fettsäuren","value":"2,4 g"},{"key":"Kohlenhydrate","value":"19 g"},{"key":"Kohlenhydrate, davon Zucker","value":"16 g"},{"key":"Eiweiß","value":"3,4 g"},{"key":"Salz","value":"0,13 g"}],"tags":[]},
    {"url":"https://www.interspar.at/shop/lebensmittel/p/2020001850525","data":[{"key":"price","value":"1,99 €"},{"key":"oldPrice","value":"\n\t\t\t\t\t\n\t\t\t\t\t \n\t\t\t\t"},{"key":"pricePerUnit","value":"(7.96 €/kg)"},{"key":"productDetailsName","value":"QimiQ - Whip Natur - 250 G"},{"key":"detailsDescription","value":"250 G"},{"key":"articleNumber","value":"Artikelnummer: 2020001850525"},{"key":"Lagerhinweis:","value":["Nach dem Öffnen im Kühlschrank aufbewahren und innerhalb von 3-4 Tagen aufbrauchen."]},{"key":"Zutaten:","value":["Zutaten: 94,5% SAHNE (18% Fett), Emulgator: Essigsäureester von Mono- und Diglyceriden von Fettsäuren. In Großbuchstaben angegebene Zutaten enthalten allergene Inhaltsstoffe."]},{"key":"Allergene:","value":["Enthält:Milch und daraus gewonnene Erzeugnisse (inkl. Laktose)"]},{"key":"Zubereitung:","value":["Verzehrfertig"]},{"key":"Identitätskennzeichen:","value":["AT50151EG"]},{"key":"Kontakt:","value":["QimiQ Handels GmbH","Lettlweg 5, 5322 Hof bei Salzburg, Österreich"]}],"nutritions":[{"key":"","value":"Unzubereitet"},{"key":" ","value":"100 g"},{"key":"Energie","value":"866 kJ | 207 kcal"},{"key":"Fett","value":"18,7 g"},{"key":"Fett, davon gesättigte Fettsäuren","value":"12 g"},{"key":"Kohlenhydrate","value":"4,5 g"},{"key":"Kohlenhydrate, davon Zucker","value":"4,5 g"},{"key":"Eiweiß","value":"5,2 g"},{"key":"Salz","value":"0,14 g"}],"tags":["Glutenfrei"]},
    {"url":"https://www.interspar.at/shop/lebensmittel/p/2020001850549","data":[{"key":"price","value":"1,99 €"},{"key":"oldPrice","value":"\n\t\t\t\t\t\n\t\t\t\t\t \n\t\t\t\t"},{"key":"pricePerUnit","value":"(7.96 €/kg)"},{"key":"productDetailsName","value":"QimiQ - Whip Vanille - 250 G"},{"key":"detailsDescription","value":"250 G"},{"key":"articleNumber","value":"Artikelnummer: 2020001850549"},{"key":"Lagerhinweis:","value":["Nach dem Öffnen im Kühlschrank aufbewahren und innerhalb von 3-4 Tagen aufbrauchen."]},{"key":"Zutaten:","value":["Zutaten: 87% SAHNE (18% Fett), Zucker, Emulgator: Essigsäureester von Mono- und Diglyceriden von Speisefettsäuren, Gelatine, modifizierte Stärke, Aroma, Farbstoff: Betacarotin. In Großbuchstaben angegebene Zutaten enthalten allergene Inhaltsstoffe."]},{"key":"Allergene:","value":["Enthält:Milch und daraus gewonnene Erzeugnisse (inkl. Laktose)"]},{"key":"Zubereitung:","value":["Verzehrfertig"]},{"key":"Identitätskennzeichen:","value":["AT50151EG"]},{"key":"Kontakt:","value":["QimiQ Handels GmbH","Lettlweg 5, 5322 Hof bei Salzburg, Österreich"]}],"nutritions":[{"key":"","value":"Unzubereitet"},{"key":" ","value":"100 g"},{"key":"Energie","value":"903 kJ | 217 kcal"},{"key":"Fett","value":"16,6 g"},{"key":"Fett, davon gesättigte Fettsäuren","value":"10,8 g"},{"key":"Kohlenhydrate","value":"13,4 g"},{"key":"Kohlenhydrate, davon Zucker","value":"13,4 g"},{"key":"Eiweiß","value":"3,6 g"},{"key":"Salz","value":"0,14 g"}],"tags":["Glutenfrei"]},
    {"url":"https://www.interspar.at/shop/lebensmittel/p/2020001850556","data":[{"key":"price","value":"1,99 €"},{"key":"oldPrice","value":"\n\t\t\t\t\t\n\t\t\t\t\t \n\t\t\t\t"},{"key":"pricePerUnit","value":"(7.96 €/kg)"},{"key":"productDetailsName","value":"QimiQ - Whip Schoko - 250 G"},{"key":"detailsDescription","value":"250 G"},{"key":"articleNumber","value":"Artikelnummer: 2020001850556"},{"key":"Lagerhinweis:","value":["Nach dem Öffnen im Kühlschrank aufbewahren und innerhalb von 3-4 Tagen aufbrauchen."]},{"key":"Zutaten:","value":["Zutaten: 76% SAHNE (18% Fett), Zucker, Schokoladenpulver (6,7%, Kakaopulver, Zucker), Emulgator: Essigsäureester von Mono-Diglyceriden von Speisefettsäuren, Gelatine. In Großbuchstaben angegebene Zutaten enthalten allergene Inhaltsstoffe."]},{"key":"Allergene:","value":["Enthält:Milch und daraus gewonnene Erzeugnisse (inkl. Laktose)"]},{"key":"Zubereitung:","value":["Verzehrfertig"]},{"key":"Identitätskennzeichen:","value":["AT50151EG"]},{"key":"Kontakt:","value":["QimiQ Handels GmbH","Lettlweg 5, 5322 Hof bei Salzburg, Österreich"]}],"nutritions":[{"key":"","value":"Unzubereitet"},{"key":" ","value":"100 g"},{"key":"Energie","value":"1012 kJ | 242 kcal"},{"key":"Fett","value":"15,6 g"},{"key":"Fett, davon gesättigte Fettsäuren","value":"9,4 g"},{"key":"Kohlenhydrate","value":"21,5 g"},{"key":"Kohlenhydrate, davon Zucker","value":"21,5 g"},{"key":"Eiweiß","value":"4,1 g"},{"key":"Salz","value":"0,14 g"}],"tags":["Glutenfrei"]},
    {"url":"https://www.interspar.at/shop/lebensmittel/p/2020001924998","data":[{"key":"price","value":"1,79 €"},{"key":"oldPrice","value":"\n\t\t\t\t\t\n\t\t\t\t\t \n\t\t\t\t"},{"key":"pricePerUnit","value":"(8.95 €/l)"},{"key":"productDetailsName","value":"Starbucks - Double Shot Espresso - 200 ML"},{"key":"detailsDescription","value":"200 ML"},{"key":"articleNumber","value":"Artikelnummer: 2020001924998"},{"key":"Zutaten:","value":["Zutaten: MILCH 75%, Kaffeezubereitung (Wasser und Arabica-Kaffee-Extrakt) 20%, Zucker 5%, natürliches Kaffee Aroma, Säureregulator: Kaliumcarbonat. In Großbuchstaben angegebene Zutaten enthalten allergene Inhaltstoffe."]},{"key":"Allergene:","value":["Enthält:Milch und daraus gewonnene Erzeugnisse (inkl. Laktose)"]},{"key":"Identitätskennzeichen:","value":["DK 4506 EC"]},{"key":"Kontakt:","value":["Lamercantile GmbH","Baumgasse 70, 1030 Wien, Österreich"]}],"nutritions":[{"key":"","value":"Unzubereitet"},{"key":" ","value":"100 g"},{"key":"Energie","value":"301 kJ | 72 kcal"},{"key":"Fett","value":"2,6 g"},{"key":"Fett, davon gesättigte Fettsäuren","value":"1,7 g"},{"key":"Kohlenhydrate","value":"9,3 g"},{"key":"Kohlenhydrate, davon Zucker","value":"9,2 g"},{"key":"Eiweiß","value":"2,8 g"},{"key":"Salz","value":"0,08 g"}],"tags":[]},
    {"url":"https://www.interspar.at/shop/lebensmittel/p/2020002037741","data":[{"key":"price","value":"2,99 €"},{"key":"oldPrice","value":"\n\t\t\t\t\t\n\t\t\t\t\t \n\t\t\t\t"},{"key":"pricePerUnit","value":"(16.61 €/kg)"},{"key":"productDetailsName","value":"Emmi - Schoko-Himbeer Mousse mit Schokosplits - 180 G"},{"key":"detailsDescription","value":"180 G"},{"key":"articleNumber","value":"Artikelnummer: 2020002037741"},{"key":"Lagerhinweis:","value":["Bei mindestens 8°C lagern."]},{"key":"Zutaten:","value":["Zutaten: VOLLMILCH, 21% Himbeeren, 9% Schokolade und Schokoladensplitter (Zucker, Kakaomasse, Kakaobutter, Emulgator SOJALECITHIN), Wasser, Zucker, MAGERMILCHPULVER, SAHNE, Wachsmaisstärke, Kartoffelstärke, VOLLEI, Rindergelatine, Emulgator Mono- und Diglyceride von Speisefettsäuren, Schwarzkarottensaftkonzentrat, Aromen, Verdickungsmittel Xanthan. Kann Spuren von Haselnüssen und Mandeln enthalten. In Großbuchstaben angegebene Zutaten enthalten allergene Inhaltstoffe."]},{"key":"Allergene:","value":["Kann Spuren enthalten von:Schalenfrüchte und daraus gewonnene Erzeugnisse","Enthält:Eier und daraus gewonnene Erzeugnisse, Milch und daraus gewonnene Erzeugnisse (inkl. Laktose), Sojabohnen und daraus gewonnene Erzeugnisse"]},{"key":"","value":["ohne Konservierungsstoffe, ohne Alkohol"]},{"key":"","value":["Glutenfrei"]},{"key":"Kontakt:","value":["Emmi Österreich GmbH","Illweg 8, 6714 Nüziders, Österreich"]}],"nutritions":[{"key":"","value":"Unzubereitet"},{"key":" ","value":"100 g"},{"key":"Energie","value":"580 kJ | 138 kcal"},{"key":"Fett","value":"4,5 g"},{"key":"Fett, davon gesättigte Fettsäuren","value":"2,7 g"},{"key":"Kohlenhydrate","value":"19 g"},{"key":"Kohlenhydrate, davon Zucker","value":"18 g"},{"key":"Eiweiß","value":"4 g"},{"key":"Salz","value":"0,1 g"}],"tags":["Glutenfrei"]},
    {"url":"https://www.interspar.at/shop/lebensmittel/p/2751122","data":[{"key":"price","value":"0,59 €"},{"key":"oldPrice","value":"\n\t\t\t\t\t\n\t\t\t\t\t \n\t\t\t\t"},{"key":"pricePerUnit","value":"(1.18 €/l)"},{"key":"productDetailsName","value":"Schärdinger Schlanke Linie - Formil H-Leichtmilch 0,5% Fett - 0,5 L"},{"key":"detailsDescription","value":"0,5 L"},{"key":"articleNumber","value":"Artikelnummer: 2751122"},{"key":"Lagerhinweis:","value":["Ungeöffnete Packungen sind ungekühlt lagerfähig. Nach dem Öffnen gekühlt lagern und innerhalb weniger Tage verbrauchen."]},{"key":"Zutaten:","value":["Zutaten: Entrahmte MILCH. In Großbuchstaben angegebene Zutaten enthalten allergene Inhaltsstoffe."]},{"key":"Allergene:","value":["Enthält:Milch und daraus gewonnene Erzeugnisse (inkl. Laktose)"]},{"key":"Identitätskennzeichen:","value":["AT 30751 EG"]},{"key":"Kontakt:","value":["Berglandmilch eGen","Schubertstraße 30, 4600 Wels, Österreich"]}],"nutritions":[{"key":"","value":"Unzubereitet"},{"key":" ","value":"100 ml"},{"key":"Energie","value":"158 kJ | 37 kcal"},{"key":"Fett","value":"0,5 g"},{"key":"Fett, davon gesättigte Fettsäuren","value":"0,3 g"},{"key":"Kohlenhydrate","value":"4,8 g"},{"key":"Kohlenhydrate, davon Zucker","value":"4,8 g"},{"key":"Eiweiß","value":"3,4 g"},{"key":"Salz","value":"0,13 g"}],"tags":[]},
    {"url":"https://www.interspar.at/shop/lebensmittel/p/2751139","data":[{"key":"price","value":"0,65 €"},{"key":"oldPrice","value":"\n\t\t\t\t\t\n\t\t\t\t\t \n\t\t\t\t"},{"key":"pricePerUnit","value":"(1.30 €/l)"},{"key":"productDetailsName","value":"Schärdinger Formil - H-Vollmilch 3,5% Fett - 0,5 L"},{"key":"detailsDescription","value":"0,5 L"},{"key":"articleNumber","value":"Artikelnummer: 2751139"},{"key":"Lagerhinweis:","value":["Ungeöffnete Packungen sind ungekühlt lagerfähig. Nach dem Öffnen gekühlt lagern und innerhalb weniger Tage verbrauchen."]},{"key":"Zutaten:","value":["Zutaten: VOLLMILCH. In Großbuchstaben angegebene Zutaten enthalten allergene Inhaltsstoffe."]},{"key":"Allergene:","value":["Enthält:Milch und daraus gewonnene Erzeugnisse (inkl. Laktose)"]},{"key":"Identitätskennzeichen:","value":["AT 30751 EG"]},{"key":"Kontakt:","value":["Berglandmilch eGen","Schubertstraße 30, 4600 Wels, Österreich"]}],"nutritions":[{"key":"","value":"Unzubereitet"},{"key":" ","value":"100 ml"},{"key":"Energie","value":"267 kJ | 64 kcal"},{"key":"Fett","value":"3,5 g"},{"key":"Fett, davon gesättigte Fettsäuren","value":"2,3 g"},{"key":"Kohlenhydrate","value":"4,8 g"},{"key":"Kohlenhydrate, davon Zucker","value":"4,8 g"},{"key":"Eiweiß","value":"3,3 g"},{"key":"Salz","value":"0,13 g"}],"tags":[]},
    {"url":"https://www.interspar.at/shop/lebensmittel/p/2808987","data":[{"key":"price","value":"0,69 €"},{"key":"oldPrice","value":"\n\t\t\t\t\t\n\t\t\t\t\t \n\t\t\t\t"},{"key":"pricePerUnit","value":"(3.45 €/l)"},{"key":"productDetailsName","value":"Gmundner Milch - Panna Da Cucina Kochrahm UHT - 200 ML"},{"key":"detailsDescription","value":"200 ML"},{"key":"articleNumber","value":"Artikelnummer: 2808987"},{"key":"Lagerhinweis:","value":["Nicht über Zimmertemperatur lagern! Nach dem Öffnen gekühlt lagern und innerhalb von 4 Tagen verbrauchen."]},{"key":"Zutaten:","value":["Zutaten: RAHM 22% Fett, Stabilisator Carrageen. In Großbuchstaben angegebene Zutaten enthalten allergene Inhaltsstoffe. In Großbuchstaben angegebene Zutaten enthalten allergene Inhaltstoffe."]},{"key":"Allergene:","value":["Enthält:Milch und daraus gewonnene Erzeugnisse (inkl. Laktose)"]},{"key":"Identitätskennzeichen:","value":["AT 40138 EG"]},{"key":"Verbrauchen nach dem Öffnen:","value":["4 Tage"]},{"key":"Kontakt:","value":["Gmundner Molkerei","Theresienthalstraße 16, 4810 Gmunden am Traunsee, Österreich"]}],"nutritions":[{"key":"","value":"Unzubereitet"},{"key":" ","value":"100 g"},{"key":"Energie","value":"919 kJ | 223 kcal"},{"key":"Fett","value":"22 g"},{"key":"Fett, davon gesättigte Fettsäuren","value":"15 g"},{"key":"Kohlenhydrate","value":"3,5 g"},{"key":"Kohlenhydrate, davon Zucker","value":"3,5 g"},{"key":"Eiweiß","value":"2,7 g"},{"key":"Salz","value":"0,1 g"}],"tags":[]},
    {"url":"https://www.interspar.at/shop/lebensmittel/p/3085912","data":[{"key":"price","value":"0,79 €"},{"key":"oldPrice","value":"\n\t\t\t\t\t\n\t\t\t\t\t \n\t\t\t\t"},{"key":"pricePerUnit","value":"(3.16 €/l)"},{"key":"productDetailsName","value":"Müller Select - Müllermilch Weiße Schokolade Cocos-Mandel - 250 ML"},{"key":"detailsDescription","value":"250 ML"},{"key":"articleNumber","value":"Artikelnummer: 3085912"},{"key":"Lagerhinweis:","value":["Bei maximal + 8°C lagern."]},{"key":"Zutaten:","value":["Zutaten: VOLLMILCH, SAHNE, 10% weiße Schokolade (Zucker, Kakaobutter, VOLLMILCHPULVER, Emulgator: Lecithine (SOJA); Vanilleextrakt), BUTTERMILCH, Zucker, MANDELMARK, getrocknetes Kokosnussextrakt (enthält MILCH), Aroma, Stabilisator: Carrageen. In Großbuchstaben angegebene Zutaten enthalten allergene Inhaltsstoffe."]},{"key":"Allergene:","value":["Kann Spuren von anderen Schalenfrüchten enthalten.","Enthält:Milch und daraus gewonnene Erzeugnisse (inkl. Laktose), Schalenfrüchte und daraus gewonnene Erzeugnisse, Sojabohnen und daraus gewonnene Erzeugnisse"]},{"key":"Identitätskennzeichen:","value":["DE SN 016 EG"]},{"key":"Kontakt:","value":["Molkerei Alois Müller GmbH & Co. KG","Zollerstraße 7, 86850 Fischach-Aretsried, Deutschland"]}],"nutritions":[{"key":"","value":"Unzubereitet"},{"key":" ","value":"100 g"},{"key":"Energie","value":"538 kJ | 129 kcal"},{"key":"Fett","value":"7,7 g"},{"key":"Fett, davon gesättigte Fettsäuren","value":"5 g"},{"key":"Kohlenhydrate","value":"11,4 g"},{"key":"Kohlenhydrate, davon Zucker","value":"11,3 g"},{"key":"Eiweiß","value":"3,5 g"},{"key":"Salz","value":"0,13 g"}],"tags":["immer Billig"]},
    {"url":"https://www.interspar.at/shop/lebensmittel/p/3296714","data":[{"key":"price","value":"2,45 €"},{"key":"oldPrice","value":"\n\t\t\t\t\t\n\t\t\t\t\t \n\t\t\t\t"},{"key":"pricePerUnit","value":"(12.25 €/kg)"},{"key":"productDetailsName","value":"Schärdinger Streichgenuss - Feinste Butter mit Rapsöl & Sauermilch - 200 G"},{"key":"detailsDescription","value":"200 G"},{"key":"articleNumber","value":"Artikelnummer: 3296714"},{"key":"Lagerhinweis:","value":["Vor und nach dem Öffnen gekühlt bei 3-6°C lagern und alsbald verbrauchen."]},{"key":"Zutaten:","value":["Zutaten: 65% TEEBUTTER, 20% Rapsöl, 15% SAUERMILCH. In Großbuchstaben angegebene Zutaten enthalten allergene Inhaltsstoffe."]},{"key":"Allergene:","value":["Enthält:Milch und daraus gewonnene Erzeugnisse (inkl. Laktose)"]},{"key":"Identitätskennzeichen:","value":["AT 30751 EG"]},{"key":"Kontakt:","value":["Berglandmilch eGen","Schubertstraße 30, 4600 Wels, Österreich"]}],"nutritions":[{"key":"","value":"Unzubereitet"},{"key":" ","value":"100 g"},{"key":"Energie","value":"2761 kJ | 671 kcal"},{"key":"Fett","value":"74 g"},{"key":"Fett, davon gesättigte Fettsäuren","value":"36 g"},{"key":"Kohlenhydrate","value":"1 g"},{"key":"Kohlenhydrate, davon Zucker","value":"1 g"},{"key":"Eiweiß","value":"1 g"},{"key":"Salz","value":"0,03 g"}],"tags":[]},
    {"url":"https://www.interspar.at/shop/lebensmittel/p/3944653","data":[{"key":"price","value":"1,19 €"},{"key":"oldPrice","value":"\n\t\t\t\t\t\n\t\t\t\t\t \n\t\t\t\t"},{"key":"pricePerUnit","value":"(2.64 €/kg)"},{"key":"productDetailsName","value":"Müller - Schoko Pudding mit Vanillasoße - 450 G"},{"key":"detailsDescription","value":"450 G"},{"key":"articleNumber","value":"Artikelnummer: 3944653"},{"key":"Zutaten:","value":["Zutaten: MAGERMILCH, Wasser, Zucker, SCHLAGSAHNE, Stärke, fettarmer Kakao, modifizierte Stärke, Verdickungsmittel: Carrageen, Aroma, Farbstoffe: Carotin, Stabilisator: Natriumphosphate. In Großbuchstaben angegebene Zutaten enthalten allergene Inhaltsstoffe."]},{"key":"Allergene:","value":["Enthält:Milch und daraus gewonnene Erzeugnisse (inkl. Laktose)"]},{"key":"Identitätskennzeichen:","value":["DE SN 016 EG"]},{"key":"Kontakt:","value":["Molkerei Alois Müller GmbH & Co. KG","Zollerstraße 7, 86850 Fischach-Aretsried, Deutschland"]}],"nutritions":[{"key":"","value":"Unzubereitet"},{"key":" ","value":"100 g"},{"key":"Energie","value":"446 kJ | 106 kcal"},{"key":"Fett","value":"2,4 g"},{"key":"Fett, davon gesättigte Fettsäuren","value":"1,6 g"},{"key":"Kohlenhydrate","value":"17,9 g"},{"key":"Kohlenhydrate, davon Zucker","value":"15,5 g"},{"key":"Eiweiß","value":"2,8 g"},{"key":"Salz","value":"0,19 g"}],"tags":[]},
    {"url":"https://www.interspar.at/shop/lebensmittel/p/3946237","data":[{"key":"price","value":"1,19 €"},{"key":"oldPrice","value":"\n\t\t\t\t\t\n\t\t\t\t\t \n\t\t\t\t"},{"key":"pricePerUnit","value":"(2.64 €/kg)"},{"key":"productDetailsName","value":"Müller - Grieß Pudding mit Kirschsoße - 450 G"},{"key":"detailsDescription","value":"450 G"},{"key":"articleNumber","value":"Artikelnummer: 3946237"},{"key":"Zutaten:","value":["Zutaten: MAGERMILCH, Wasser, Zucker, SCHLAGSAHNE, Maisgrieß, 2% Kirschsaft aus Kirschsaftkonzentrat, modifizierte Stärke, Verdickungsmittel: Carrageen, Speisesalz, Säuerungsmittel: Citronensäure, Aroma, Farbstoffe: Echtes Karmin, Carotin. In Großbuchstaben angegebene Zutaten enthalten allergene Inhaltsstoffe."]},{"key":"Allergene:","value":["Enthält:Milch und daraus gewonnene Erzeugnisse (inkl. Laktose)"]},{"key":"Identitätskennzeichen:","value":["DE SN 016 EG"]},{"key":"Kontakt:","value":["Molkerei Alois Müller GmbH & Co. KG","Zollerstraße 7, 86850 Fischach-Aretsried, Deutschland"]}],"nutritions":[{"key":"","value":"Unzubereitet"},{"key":" ","value":"100 g"},{"key":"Energie","value":"498 kJ | 118 kcal"},{"key":"Fett","value":"2,3 g"},{"key":"Fett, davon gesättigte Fettsäuren","value":"1,5 g"},{"key":"Kohlenhydrate","value":"21,7 g"},{"key":"Kohlenhydrate, davon Zucker","value":"17,8 g"},{"key":"Eiweiß","value":"2,5 g"},{"key":"Salz","value":"0,13 g"}],"tags":[]},
    {"url":"https://www.interspar.at/shop/lebensmittel/p/3968116","data":[{"key":"price","value":"0,79 €"},{"key":"oldPrice","value":"\n\t\t\t\t\t\n\t\t\t\t\t \n\t\t\t\t"},{"key":"pricePerUnit","value":"(5.27 €/kg)"},{"key":"productDetailsName","value":"Landliebe - Grießpudding Natur - 150 G"},{"key":"detailsDescription","value":"150 G"},{"key":"articleNumber","value":"Artikelnummer: 3968116"},{"key":"Lagerhinweis:","value":["Bei +8°C lagern."]},{"key":"Zutaten:","value":["Zutaten: 73% VOLLMILCH, 11% SAHNE, 8% HARTWEIZENGRIESS, Zucker. In Großbuchstaben angegebene Zutaten enthalten allergene Inhaltstoffe."]},{"key":"Allergene:","value":["Enthält:Glutenhaltiges Getreide und daraus hergestellte Erzeugnisse, Milch und daraus gewonnene Erzeugnisse (inkl. Laktose)"]},{"key":"Identitätskennzeichen:","value":["DE BW 033 EG"]},{"key":"Kontakt:","value":["Landliebe Molkereiprodukte GmbH","Wimpfener Straße 125, 74078 Heilbronn, Deutschland"]}],"nutritions":[{"key":"","value":"Unzubereitet"},{"key":" ","value":"100 g"},{"key":"Energie","value":"578 kJ | 138 kcal"},{"key":"Fett","value":"6 g"},{"key":"Fett, davon gesättigte Fettsäuren","value":"4,1 g"},{"key":"Kohlenhydrate","value":"17 g"},{"key":"Kohlenhydrate, davon Zucker","value":"11 g"},{"key":"Eiweiß","value":"3,8 g"},{"key":"Salz","value":"0,2 g"}],"tags":[]},
    {"url":"https://www.interspar.at/shop/lebensmittel/p/3968123","data":[{"key":"price","value":"0,79 €"},{"key":"oldPrice","value":"\n\t\t\t\t\t\n\t\t\t\t\t \n\t\t\t\t"},{"key":"pricePerUnit","value":"(5.27 €/kg)"},{"key":"productDetailsName","value":"Landliebe - Grießpudding Zimt - 150 G"},{"key":"detailsDescription","value":"150 G"},{"key":"articleNumber","value":"Artikelnummer: 3968123"},{"key":"Lagerhinweis:","value":["Bei +8°C lagern."]},{"key":"Zutaten:","value":["Zutaten: 74% VOLLMILCH, 10% SAHNE, 8% HARTWEIZENGRIESS, Zucker, Zimt. In Großbuchstaben angegebene Zutaten enthalten allergene Inhaltstoffe."]},{"key":"Allergene:","value":["Enthält:Glutenhaltiges Getreide und daraus hergestellte Erzeugnisse, Milch und daraus gewonnene Erzeugnisse (inkl. Laktose)"]},{"key":"Identitätskennzeichen:","value":["DE BW 033 EG"]},{"key":"Kontakt:","value":["Landliebe Molkereiprodukte GmbH","Wimpfener Straße 125, 74078 Heilbronn, Deutschland"]}],"nutritions":[{"key":"","value":"Unzubereitet"},{"key":" ","value":"100 g"},{"key":"Energie","value":"578 kJ | 138 kcal"},{"key":"Fett","value":"6 g"},{"key":"Fett, davon gesättigte Fettsäuren","value":"4,1 g"},{"key":"Kohlenhydrate","value":"17 g"},{"key":"Kohlenhydrate, davon Zucker","value":"12 g"},{"key":"Eiweiß","value":"3,8 g"},{"key":"Salz","value":"0,2 g"}],"tags":[]},
    {"url":"https://www.interspar.at/shop/lebensmittel/p/3968130","data":[{"key":"price","value":"0,79 €"},{"key":"oldPrice","value":"\n\t\t\t\t\t\n\t\t\t\t\t \n\t\t\t\t"},{"key":"pricePerUnit","value":"(5.27 €/kg)"},{"key":"productDetailsName","value":"Landliebe - Grießpudding Vanille - 150 G"},{"key":"detailsDescription","value":"150 G"},{"key":"articleNumber","value":"Artikelnummer: 3968130"},{"key":"Lagerhinweis:","value":["Bei +8°C lagern."]},{"key":"Zutaten:","value":["Zutaten: 73% VOLLMILCH, 11% SAHNE, Zucker, 7% HARTWEIZENGRIESS, natürliches Vanillearoma, gemahlene Vanilleschoten, Farbstoff: Beta-Carotin. In Großbuchstaben angegebene Zutaten enthalten allergene Inhaltstoffe."]},{"key":"Allergene:","value":["Enthält:Glutenhaltiges Getreide und daraus hergestellte Erzeugnisse, Milch und daraus gewonnene Erzeugnisse (inkl. Laktose)"]},{"key":"Identitätskennzeichen:","value":["DE BW 033 EG"]},{"key":"Kontakt:","value":["Landliebe Molkereiprodukte GmbH","Wimpfener Straße 125, 74078 Heilbronn, Deutschland"]}],"nutritions":[{"key":"","value":"Unzubereitet"},{"key":" ","value":"100 g"},{"key":"Energie","value":"560 kJ | 134 kcal"},{"key":"Fett","value":"6 g"},{"key":"Fett, davon gesättigte Fettsäuren","value":"4,1 g"},{"key":"Kohlenhydrate","value":"16 g"},{"key":"Kohlenhydrate, davon Zucker","value":"11 g"},{"key":"Eiweiß","value":"3,7 g"},{"key":"Salz","value":"0,2 g"}],"tags":[]},
    {"url":"https://www.interspar.at/shop/lebensmittel/p/3968147","data":[{"key":"price","value":"0,79 €"},{"key":"oldPrice","value":"\n\t\t\t\t\t\n\t\t\t\t\t \n\t\t\t\t"},{"key":"pricePerUnit","value":"(5.27 €/kg)"},{"key":"productDetailsName","value":"Landliebe - Grießpudding Schokolade - 150 G"},{"key":"detailsDescription","value":"150 G"},{"key":"articleNumber","value":"Artikelnummer: 3968147"},{"key":"Lagerhinweis:","value":["Bei +8°C lagern."]},{"key":"Zutaten:","value":["Zutaten: 71% VOLLMILCH, 11% SAHNE, 7% HARTWEIZENGRIESS, Zucker, 3,4% Schokoladenpulver (Zucker, Kakao). In Großbuchstaben angegebene Zutaten enthalten allergene Inhaltstoffe."]},{"key":"Allergene:","value":["Enthält:Glutenhaltiges Getreide und daraus hergestellte Erzeugnisse, Milch und daraus gewonnene Erzeugnisse (inkl. Laktose)"]},{"key":"Identitätskennzeichen:","value":["DE BW 033 EG"]},{"key":"Kontakt:","value":["Landliebe Molkereiprodukte GmbH","Wimpfener Straße 125, 74078 Heilbronn, Deutschland"]}],"nutritions":[{"key":"","value":"Unzubereitet"},{"key":" ","value":"100 g"},{"key":"Energie","value":"597 kJ | 142 kcal"},{"key":"Fett","value":"6 g"},{"key":"Fett, davon gesättigte Fettsäuren","value":"4,1 g"},{"key":"Kohlenhydrate","value":"18 g"},{"key":"Kohlenhydrate, davon Zucker","value":"13 g"},{"key":"Eiweiß","value":"3,8 g"},{"key":"Salz","value":"0,1 g"}],"tags":[]},
    {"url":"https://www.interspar.at/shop/lebensmittel/p/3983669","data":[{"key":"price","value":"1,59 €"},{"key":"oldPrice","value":"\n\t\t\t\t\t\n\t\t\t\t\t \n\t\t\t\t"},{"key":"pricePerUnit","value":"(3.18 €/kg)"},{"key":"productDetailsName","value":"Landliebe - Sahnepudding Vanille - 500 G"},{"key":"detailsDescription","value":"500 G"},{"key":"articleNumber","value":"Artikelnummer: 3983669"},{"key":"Lagerhinweis:","value":["Bei +8°C lagern."]},{"key":"Zutaten:","value":["Zutaten: 45% SAHNE, 41% VOLLMILCH, Zucker, modifizierte Stärke, MAGERMILCHKONZENTRAT, natürliches Vanillearoma (enthält MILCH), Stärke, Farbstoff: Beta-Carotin, gemahlene Vanilleschoten. In Großbuchstaben angegebene Zutaten enthalten allergene Inhaltsstoffe."]},{"key":"Allergene:","value":["Enthält:Milch und daraus gewonnene Erzeugnisse (inkl. Laktose)"]},{"key":"Identitätskennzeichen:","value":["DE BW 033 EG"]},{"key":"Kontakt:","value":["Landliebe Molkereiprodukte GmbH","Wimpfener Straße 125, 74078 Heilbronn, Deutschland"]}],"nutritions":[{"key":"","value":"Unzubereitet"},{"key":" ","value":"100 g"},{"key":"Energie","value":"611 kJ | 146 kcal"},{"key":"Fett","value":"8,2 g"},{"key":"Fett, davon gesättigte Fettsäuren","value":"5,7 g"},{"key":"Kohlenhydrate","value":"15 g"},{"key":"Kohlenhydrate, davon Zucker","value":"11 g"},{"key":"Eiweiß","value":"3,1 g"},{"key":"Salz","value":"0,2 g"}],"tags":[]},
    {"url":"https://www.interspar.at/shop/lebensmittel/p/3983683","data":[{"key":"price","value":"1,59 €"},{"key":"oldPrice","value":"\n\t\t\t\t\t\n\t\t\t\t\t \n\t\t\t\t"},{"key":"pricePerUnit","value":"(3.18 €/kg)"},{"key":"productDetailsName","value":"Landliebe - Sahnepudding Schokolade - 500 G"},{"key":"detailsDescription","value":"500 G"},{"key":"articleNumber","value":"Artikelnummer: 3983683"},{"key":"Lagerhinweis:","value":["Bei +8°C lagern."]},{"key":"Zutaten:","value":["Zutaten: 42% SAHNE, 41% VOLLMILCH, Zucker, 5% Schokoladenpulver (Zucker, Kakao), modifizierte Stärke, 1% fettarmer Kakao, Stärke. In Großbuchstaben angegebene Zutaten enthalten allergene Inhaltsstoffe."]},{"key":"Allergene:","value":["Enthält:Milch und daraus gewonnene Erzeugnisse (inkl. Laktose)"]},{"key":"Identitätskennzeichen:","value":["DE BW 033 EG"]},{"key":"Kontakt:","value":["Landliebe Molkereiprodukte GmbH","Wimpfener Straße 125, 74078 Heilbronn, Deutschland"]}],"nutritions":[{"key":"","value":"Unzubereitet"},{"key":" ","value":"100 g"},{"key":"Energie","value":"657 kJ | 157 kcal"},{"key":"Fett","value":"8,2 g"},{"key":"Fett, davon gesättigte Fettsäuren","value":"5,7 g"},{"key":"Kohlenhydrate","value":"17 g"},{"key":"Kohlenhydrate, davon Zucker","value":"14 g"},{"key":"Eiweiß","value":"3,3 g"},{"key":"Salz","value":"0,1 g"}],"tags":[]},
    {"url":"https://www.interspar.at/shop/lebensmittel/p/4234623","data":[{"key":"price","value":"0,79 €"},{"key":"oldPrice","value":"\n\t\t\t\t\t\n\t\t\t\t\t \n\t\t\t\t"},{"key":"pricePerUnit","value":"(5.27 €/kg)"},{"key":"productDetailsName","value":"Landliebe - Sahnepudding Vanille - 150 G"},{"key":"detailsDescription","value":"150 G"},{"key":"articleNumber","value":"Artikelnummer: 4234623"},{"key":"Lagerhinweis:","value":["Bei +8°C lagern."]},{"key":"Zutaten:","value":["Zutaten: 45% SAHNE, 41% VOLLMILCH, Zucker, modifizierte Stärke, MAGERMILCHKONZENTRAT, natürliches Vanillearoma (enthält MILCH), Stärke, Farbstoff: Beta-Carotin, gemahlene Vanilleschoten. In Großbuchstaben angegebene Zutaten enthalten allergene Inhaltsstoffe."]},{"key":"Allergene:","value":["Enthält:Milch und daraus gewonnene Erzeugnisse (inkl. Laktose)"]},{"key":"Identitätskennzeichen:","value":["DE BW 033 EG"]},{"key":"Kontakt:","value":["Landliebe Molkereiprodukte GmbH","Wimpfener Straße 125, 74078 Heilbronn, Deutschland"]}],"nutritions":[{"key":"","value":"Unzubereitet"},{"key":" ","value":"100 g"},{"key":"Energie","value":"611 kJ | 146 kcal"},{"key":"Fett","value":"8,2 g"},{"key":"Fett, davon gesättigte Fettsäuren","value":"5,7 g"},{"key":"Kohlenhydrate","value":"15 g"},{"key":"Kohlenhydrate, davon Zucker","value":"11 g"},{"key":"Eiweiß","value":"3,1 g"},{"key":"Salz","value":"0,2 g"}],"tags":[]},
    {"url":"https://www.interspar.at/shop/lebensmittel/p/4234630","data":[{"key":"price","value":"0,79 €"},{"key":"oldPrice","value":"\n\t\t\t\t\t\n\t\t\t\t\t \n\t\t\t\t"},{"key":"pricePerUnit","value":"(5.27 €/kg)"},{"key":"productDetailsName","value":"Landliebe - Sahnepudding Schokolade - 150 G"},{"key":"detailsDescription","value":"150 G"},{"key":"articleNumber","value":"Artikelnummer: 4234630"},{"key":"Lagerhinweis:","value":["Bei +8 °C lagern."]},{"key":"Zutaten:","value":["Zutaten: 42% SAHNE, 41% VOLLMILCH, Zucker, 5% Schokoladenpulver (Zucker, Kakao), modifizierte Stärke, 1% fettarmer Kakao, Stärke. In Großbuchstaben angegebene Zutaten enthalten allergene Inhaltstoffe."]},{"key":"Allergene:","value":["Enthält:Milch und daraus gewonnene Erzeugnisse (inkl. Laktose)"]},{"key":"Identitätskennzeichen:","value":["DE BW 033 EG"]},{"key":"Kontakt:","value":["Landliebe Molkereiprodukte GmbH","Wimpfener Straße 125, 74078 Heilbronn, Deutschland"]}],"nutritions":[{"key":"","value":"Unzubereitet"},{"key":" ","value":"100 g"},{"key":"Energie","value":"657 kJ | 157 kcal"},{"key":"Fett","value":"8,2 g"},{"key":"Fett, davon gesättigte Fettsäuren","value":"5,7 g"},{"key":"Kohlenhydrate","value":"17 g"},{"key":"Kohlenhydrate, davon Zucker","value":"14 g"},{"key":"Eiweiß","value":"3,3 g"},{"key":"Salz","value":"0,1 g"}],"tags":[]},
    {"url":"https://www.interspar.at/shop/lebensmittel/p/4867913","data":[{"key":"price","value":"2,45 €"},{"key":"oldPrice","value":"\n\t\t\t\t\t\n\t\t\t\t\t \n\t\t\t\t"},{"key":"pricePerUnit","value":"(12.25 €/kg)"},{"key":"productDetailsName","value":"Schärdinger Streichgenuss - Feinste Butter mit Olivenöl & Joghurt - 200 G"},{"key":"detailsDescription","value":"200 G"},{"key":"articleNumber","value":"Artikelnummer: 4867913"},{"key":"Lagerhinweis:","value":["Vor und nach dem Öffnen gekühlt bei 3-6°C lagern und nach dem Öffnen alsbald verbrauchen."]},{"key":"Zutaten:","value":["Zutaten: 68% TEEBUTTER, 18% Olivenöl, 14% JOGHURT. In Großbuchstaben angegebene Zutaten enthalten allergene Inhaltsstoffe."]},{"key":"Allergene:","value":["Enthält:Milch und daraus gewonnene Erzeugnisse (inkl. Laktose)"]},{"key":"Identitätskennzeichen:","value":["AT 30751 EG"]},{"key":"Kontakt:","value":["Berglandmilch","Schubertstraße 30, 4600 Wels, Österreich"]}],"nutritions":[{"key":"","value":"Unzubereitet"},{"key":" ","value":"100 g"},{"key":"Energie","value":"2774 kJ | 674 kcal"},{"key":"Fett","value":"74 g"},{"key":"Fett, davon gesättigte Fettsäuren","value":"39 g"},{"key":"Kohlenhydrate","value":"1 g"},{"key":"Kohlenhydrate, davon Zucker","value":"1 g"},{"key":"Eiweiß","value":"1,1 g"},{"key":"Salz","value":"0,03 g"}],"tags":[]},
    {"url":"https://www.interspar.at/shop/lebensmittel/p/4878988","data":[{"key":"price","value":"0,79 €"},{"key":"oldPrice","value":"\n\t\t\t\t\t\n\t\t\t\t\t \n\t\t\t\t"},{"key":"pricePerUnit","value":"(5.27 €/kg)"},{"key":"productDetailsName","value":"Landliebe - Grießpudding Himbeere - 150 G"},{"key":"detailsDescription","value":"150 G"},{"key":"articleNumber","value":"Artikelnummer: 4878988"},{"key":"Lagerhinweis:","value":["Bei +8°C lagern."]},{"key":"Zutaten:","value":["Zutaten: 57% VOLLMILCH, 16,4% Himbeeren, 10% SAHNE, Zucker, 6% HARTWEIZENGRIESS, Zitronensaft aus Zitronensaftkonzentrat, Verdickungsmittel: Pektine. In Großbuchstaben angegebene Zutaten enthalten allergene Inhaltstoffe."]},{"key":"Allergene:","value":["Enthält:Glutenhaltiges Getreide und daraus hergestellte Erzeugnisse, Milch und daraus gewonnene Erzeugnisse (inkl. Laktose)"]},{"key":"Identitätskennzeichen:","value":["DE BW 033 EG"]},{"key":"Kontakt:","value":["Landliebe Molkereiprodukte GmbH","Wimpfener Straße 125, 74078 Heilbronn, Deutschland"]}],"nutritions":[{"key":"","value":"Unzubereitet"},{"key":" ","value":"100 g"},{"key":"Energie","value":"542 kJ | 129 kcal"},{"key":"Fett","value":"4,8 g"},{"key":"Fett, davon gesättigte Fettsäuren","value":"3,3 g"},{"key":"Kohlenhydrate","value":"18 g"},{"key":"Kohlenhydrate, davon Zucker","value":"14 g"},{"key":"Eiweiß","value":"3,1 g"},{"key":"Salz","value":"0,1 g"}],"tags":[]},
    {"url":"https://www.interspar.at/shop/lebensmittel/p/5096114","data":[{"key":"price","value":"1,59 €"},{"key":"oldPrice","value":"\n\t\t\t\t\t\n\t\t\t\t\t \n\t\t\t\t"},{"key":"pricePerUnit","value":"(6.91 €/l)"},{"key":"productDetailsName","value":"Emmi - Caffè Latte Macchiato - 230 ML"},{"key":"detailsDescription","value":"230 ML"},{"key":"articleNumber","value":"Artikelnummer: 5096114"},{"key":"Lagerhinweis:","value":["Kühl (max. +8°C) lagern."]},{"key":"Zutaten:","value":["Zutaten: 75% VOLLMILCH, 17% frisch gebrühter Arabica-Kaffee, 5% SAHNE, Zucker, Stabilisator E339, Verdickungsmittel Carrageen. In Großbuchstaben angegebene Zutaten enthalten allergene Inhaltsstoffe."]},{"key":"Allergene:","value":["Enthält:Milch und daraus gewonnene Erzeugnisse (inkl. Laktose)"]},{"key":"Ursprungsland/Herkunftsort:","value":["Schweiz"]},{"key":"Kontakt:","value":["Emmi Schweiz AG","Landenbergstrasse 1, 6002 Luzern, Schweiz"]}],"nutritions":[{"key":"","value":"Unzubereitet"},{"key":" ","value":"100 ml"},{"key":"Energie","value":"340 kJ | 80 kcal"},{"key":"Fett","value":"4 g"},{"key":"Fett, davon gesättigte Fettsäuren","value":"2,4 g"},{"key":"Kohlenhydrate","value":"8 g"},{"key":"Kohlenhydrate, davon Zucker","value":"8 g"},{"key":"Eiweiß","value":"3 g"},{"key":"Salz","value":"0,15 g"}],"tags":[]},
    {"url":"https://www.interspar.at/shop/lebensmittel/p/5348091","data":[{"key":"price","value":"1,59 €"},{"key":"oldPrice","value":"\n\t\t\t\t\t\n\t\t\t\t\t \n\t\t\t\t"},{"key":"pricePerUnit","value":"(6.91 €/l)"},{"key":"productDetailsName","value":"Emmi - Caffè Latte Cappuccino - 230 ML"},{"key":"detailsDescription","value":"230 ML"},{"key":"articleNumber","value":"Artikelnummer: 5348091"},{"key":"Lagerhinweis:","value":["Kühl (max. +8°C) lagern."]},{"key":"Zutaten:","value":["Zutaten: 78% teilentrahmte MILCH, 17% frisch gebrühter Arabica-Kaffee, Zucker, Kakaopulver, Stabilisator E339, Verdickungsmittel Carrageen. In Großbuchstaben angegebene Zutaten enthalten allergene Inhaltsstoffe."]},{"key":"Allergene:","value":["Enthält:Milch und daraus gewonnene Erzeugnisse (inkl. Laktose)"]},{"key":"Ursprungsland/Herkunftsort:","value":["Schweiz"]},{"key":"Kontakt:","value":["Emmi Deutschland GmbH","Im Teelbruch 122, 45219 Essen, Deutschland"]}],"nutritions":[{"key":"","value":"Unzubereitet"},{"key":" ","value":"100 ml"},{"key":"Energie","value":"270 kJ | 63 kcal"},{"key":"Fett","value":"1,2 g"},{"key":"Fett, davon gesättigte Fettsäuren","value":"0,7 g"},{"key":"Kohlenhydrate","value":"10 g"},{"key":"Kohlenhydrate, davon Zucker","value":"10 g"},{"key":"Eiweiß","value":"3 g"},{"key":"Salz","value":"0,15 g"}],"tags":[]},
    {"url":"https://www.interspar.at/shop/lebensmittel/p/5388363","data":[{"key":"price","value":"0,59 €"},{"key":"oldPrice","value":"\n\t\t\t\t\t\n\t\t\t\t\t \n\t\t\t\t"},{"key":"pricePerUnit","value":"(3.93 €/kg)"},{"key":"productDetailsName","value":"Optiwell - Vanilla Pudding - 150 G"},{"key":"detailsDescription","value":"150 G"},{"key":"articleNumber","value":"Artikelnummer: 5388363"},{"key":"Lagerhinweis:","value":["Bei + 8 °C lagern."]},{"key":"Zutaten:","value":["Zutaten: 56% entrahmte MILCH, 35% fettarme MILCH, modifizierte Stärke, Inulin, Fruktose, Stärke, Verdickungsmittel: Carrageen, Aroma, Speisesalz, gemahlene Vanilleschoten, Farbstoff: Annatto, Beta-Carotin; Süßungsmittel: Sucralose. In Großbuchstaben angegebene Zutaten enthalten allergene Inhaltstoffe."]},{"key":"Allergene:","value":["Enthält:Milch und daraus gewonnene Erzeugnisse (inkl. Laktose)"]},{"key":"Identitätskennzeichen:","value":["DE NW 203 EG"]},{"key":"Kontakt:","value":["FrieslandCampina Germany GmbH","Wimpfener Straße 125, 74078 Heilbronn, Deutschland"]}],"nutritions":[{"key":"","value":"Unzubereitet"},{"key":" ","value":"100 g"},{"key":"Energie","value":"274 kJ | 65 kcal"},{"key":"Fett","value":"0,9 g"},{"key":"Fett, davon gesättigte Fettsäuren","value":"0,6 g"},{"key":"Kohlenhydrate","value":"10 g"},{"key":"Kohlenhydrate, davon Zucker","value":"5,8 g"},{"key":"Eiweiß","value":"3,2 g"},{"key":"Salz","value":"0,2 g"},{"key":"Kalzium","value":"107 mg | 20 %"}],"tags":[]},
    {"url":"https://www.interspar.at/shop/lebensmittel/p/5388424","data":[{"key":"price","value":"0,59 €"},{"key":"oldPrice","value":"\n\t\t\t\t\t\n\t\t\t\t\t \n\t\t\t\t"},{"key":"pricePerUnit","value":"(3.93 €/kg)"},{"key":"productDetailsName","value":"Optiwell - Schoko Pudding - 150 G"},{"key":"detailsDescription","value":"150 G"},{"key":"articleNumber","value":"Artikelnummer: 5388424"},{"key":"Lagerhinweis:","value":["Bei + 8 °C lagern."]},{"key":"Zutaten:","value":["Zutaten: 53% entrahmte MILCH, 36% fettarme MILCH, modifizierte Stärke, 1,9% fettarmes Kakaopuler, Inulin, Fruktose, Verdickungsmittel: Carrageen, Süßungsmittel:Acesulfam K, Sucralose. In Großbuchstaben angegebene Zutaten enthalten allergene Inhaltstoffe."]},{"key":"Allergene:","value":["Enthält:Milch und daraus gewonnene Erzeugnisse (inkl. Laktose)"]},{"key":"Identitätskennzeichen:","value":["DE NW 203 EG"]},{"key":"Kontakt:","value":["FrieslandCampina Austria","Bahnhofstraße 160, 8950 Stainach, Österreich"]}],"nutritions":[{"key":"","value":"Unzubereitet"},{"key":" ","value":"100 g"},{"key":"Energie","value":"283 kJ | 67 kcal"},{"key":"Fett","value":"0,9 g"},{"key":"Fett, davon gesättigte Fettsäuren","value":"0,6 g"},{"key":"Kohlenhydrate","value":"9,8 g"},{"key":"Kohlenhydrate, davon Zucker","value":"5,8 g"},{"key":"Eiweiß","value":"3,7 g"},{"key":"Salz","value":"0,2 g"}],"tags":[]},
    {"url":"https://www.interspar.at/shop/lebensmittel/p/5470648","data":[{"key":"price","value":"1,59 €"},{"key":"oldPrice","value":"\n\t\t\t\t\t\n\t\t\t\t\t \n\t\t\t\t"},{"key":"pricePerUnit","value":"(6.91 €/l)"},{"key":"productDetailsName","value":"Emmi - Choco Latte Original - 230 ML"},{"key":"detailsDescription","value":"230 ML"},{"key":"articleNumber","value":"Artikelnummer: 5470648"},{"key":"Lagerhinweis:","value":["Kühl (max. +8°C) lagern."]},{"key":"Zutaten:","value":["Zutaten: 84% teilentrahmte MILCH, 14% Schweizer Schokolade (Zucker, Kakaomasse, Kakaobutter), VOLLEI, Stabilisator E339, Vanilleextrakt, Verdickungsmittel Carrageen. In Großbuchstaben angegebene Zutaten enthalten allergene Inhaltsstoffe."]},{"key":"Allergene:","value":["Enthält:Eier und daraus gewonnene Erzeugnisse, Milch und daraus gewonnene Erzeugnisse (inkl. Laktose)"]},{"key":"Ursprungsland/Herkunftsort:","value":["Schweiz"]},{"key":"Kontakt:","value":["Emmi Schweiz AG","Landenbergstrasse 1, 6002 Luzern, Schweiz"]}],"nutritions":[{"key":"","value":"Unzubereitet"},{"key":" ","value":"100 ml"},{"key":"Energie","value":"380 kJ | 91 kcal"},{"key":"Fett","value":"4 g"},{"key":"Fett, davon gesättigte Fettsäuren","value":"2,4 g"},{"key":"Kohlenhydrate","value":"10 g"},{"key":"Kohlenhydrate, davon Zucker","value":"10 g"},{"key":"Eiweiß","value":"3,5 g"},{"key":"Salz","value":"0,18 g"}],"tags":[]},
    {"url":"https://www.interspar.at/shop/lebensmittel/p/5554256","data":[{"key":"price","value":"1,59 €"},{"key":"oldPrice","value":"\n\t\t\t\t\t\n\t\t\t\t\t \n\t\t\t\t"},{"key":"pricePerUnit","value":"(6.36 €/kg)"},{"key":"productDetailsName","value":"QimiQ - Vanille - 250 G"},{"key":"detailsDescription","value":"250 G"},{"key":"articleNumber","value":"Artikelnummer: 5554256"},{"key":"Lagerhinweis:","value":["Nach dem Öffnen im Kühlschrank aufbewahren und innerhalb von 3-4 Tagen aufbrauchen."]},{"key":"Zutaten:","value":["Zutaten: 93% SAHNE (16,2% Fett),4% Zucker, Gelatine, Stärke, Vanilleextrakt, Aroma, Frabstoff Betacarotin. In Großbuchstaben angegebene Zutaten enthalten allergene Inhaltstoffe."]},{"key":"Allergene:","value":["Enthält:Milch und daraus gewonnene Erzeugnisse (inkl. Laktose)"]},{"key":"Zubereitung:","value":["Verzehrfertig1. Ungekühltes QimiQ Classic Vanille mit dem Schneebesen oder Mixer glattrühren, 2. Zutaten laut Rezept beigeben, 3. Kühlen"]},{"key":"Identitätskennzeichen:","value":["AT50151EG"]},{"key":"Verbrauchen nach dem Öffnen:","value":["3 Tage"]},{"key":"Kontakt:","value":["QimiQ Handels GmbH","Lettlweg 5, 5322 Hof bei Salzburg, Österreich"]}],"nutritions":[{"key":" ","value":"100 g"},{"key":"","value":"Unzubereitet"},{"key":"Energie","value":"770 kJ | 184 kcal"},{"key":"Fett","value":"15 g"},{"key":"Fett, davon gesättigte Fettsäuren","value":"10,3 g"},{"key":"Kohlenhydrate","value":"8,2 g"},{"key":"Kohlenhydrate, davon Zucker","value":"7,8 g"},{"key":"Eiweiß","value":"4,1 g"},{"key":"Salz","value":"0,14 g"}],"tags":[]},
    {"url":"https://www.interspar.at/shop/lebensmittel/p/5680597","data":[{"key":"price","value":"1,99 €"},{"key":"oldPrice","value":"\n\t\t\t\t\t\n\t\t\t\t\t \n\t\t\t\t"},{"key":"pricePerUnit","value":"(3.98 €/kg)"},{"key":"productDetailsName","value":"Dr. Oetker Paula - Schoko 4 x 125g - 500 G"},{"key":"detailsDescription","value":"500 G"},{"key":"articleNumber","value":"Artikelnummer: 5680597"},{"key":"Lagerhinweis:","value":["Bei +8°C lagern."]},{"key":"Zutaten:","value":["Zutaten: 86% VOLLMILCH, Zucker, modifizierte Stärke, 1,4% fettarmer Kakao, Verdickungsmittel: Carrageen,  Salz, Aroma, Farbstoff: Carotin, Stabilisator: Natriumcarbonate. In Großbuchstaben angegebene Zutaten enthalten allergene Inhaltsstoffe."]},{"key":"Allergene:","value":["Enthält:Milch und daraus gewonnene Erzeugnisse (inkl. Laktose)"]},{"key":"Identitätskennzeichen:","value":["DE NW 303 EG"]},{"key":"Kontakt:","value":["Dr. Oetker GmbH","Ringmauergasse 9/1, 9500 Villach, Österreich"]}],"nutritions":[{"key":"","value":"Unzubereitet"},{"key":" ","value":"100 g"},{"key":"Energie","value":"467 kJ | 111 kcal"},{"key":"Fett","value":"3,8 g"},{"key":"Fett, davon gesättigte Fettsäuren","value":"2,5 g"},{"key":"Kohlenhydrate","value":"16 g"},{"key":"Kohlenhydrate, davon Zucker","value":"13 g"},{"key":"Eiweiß","value":"3,3 g"},{"key":"Salz","value":"0,18 g"},{"key":" ","value":"Portion (125 g)"}],"tags":[]},
    {"url":"https://www.interspar.at/shop/lebensmittel/p/5680672","data":[{"key":"price","value":"1,99 €"},{"key":"oldPrice","value":"\n\t\t\t\t\t\n\t\t\t\t\t \n\t\t\t\t"},{"key":"pricePerUnit","value":"(3.98 €/kg)"},{"key":"productDetailsName","value":"Dr. Oetker Paula - Vanille Geschmack 4 x 125g - 500 G"},{"key":"detailsDescription","value":"500 G"},{"key":"articleNumber","value":"Artikelnummer: 5680672"},{"key":"Lagerhinweis:","value":["Bei +8°C lagern."]},{"key":"Zutaten:","value":["Zutaten: 87% VOLLMILCH, Zucker, modifizierte Stärke, 0,6% fettarmer Kakao, Verdickungsmittel: Carrageen, Aroma, Salz, Farbstoff: Carotin, Stabilisator: Natriumcarbonate. In Großbuchstaben angegebene Zutaten enthalten allergene Inhaltsstoffe."]},{"key":"Allergene:","value":["Enthält:Milch und daraus gewonnene Erzeugnisse (inkl. Laktose)"]},{"key":"Identitätskennzeichen:","value":["DE NW 303 EG"]},{"key":"Kontakt:","value":["Dr. Oetker GmbH","Ringmauergasse 9/1, 9500 Villach, Österreich"]}],"nutritions":[{"key":"","value":"Unzubereitet"},{"key":" ","value":"100 g"},{"key":"Energie","value":"454 kJ | 108 kcal"},{"key":"Fett","value":"3,9 g"},{"key":"Fett, davon gesättigte Fettsäuren","value":"2,5 g"},{"key":"Kohlenhydrate","value":"15 g"},{"key":"Kohlenhydrate, davon Zucker","value":"12 g"},{"key":"Eiweiß","value":"3,1 g"},{"key":"Salz","value":"0,18 g"},{"key":" ","value":"Portion (125 g)"}],"tags":[]},
    {"url":"https://www.interspar.at/shop/lebensmittel/p/5830749","data":[{"key":"price","value":"1,59 €"},{"key":"oldPrice","value":"\n\t\t\t\t\t\n\t\t\t\t\t \n\t\t\t\t"},{"key":"pricePerUnit","value":"(6.36 €/kg)"},{"key":"productDetailsName","value":"QimiQ - Classic - 250 G"},{"key":"detailsDescription","value":"250 G"},{"key":"articleNumber","value":"Artikelnummer: 5830749"},{"key":"Lagerhinweis:","value":["Nach dem Öffnen im Kühlschrank aufbewahren und innerhalb von 3-4 Tagen aufbrauchen."]},{"key":"Zutaten:","value":["Zutaten: 99% SAHNE (15% Fett) mit Gelatine. UHT. In Großbuchstaben angegebene Zutaten enthalten allergene Inhaltstoffe."]},{"key":"Allergene:","value":["Enthält:Milch und daraus gewonnene Erzeugnisse (inkl. Laktose)"]},{"key":"Zubereitung:","value":["Verzehrfertig1. Ungekühltes QimiQ Classic mit dem Schneebesen oder Mixer glattrühren, 2. Zutaten laut Rezept beigeben, 3. Kühlen"]},{"key":"Identitätskennzeichen:","value":["AT50151EG"]},{"key":"Kontakt:","value":["QimiQ Handels GmbH","Lettlweg 5, 5322 Hof bei Salzburg, Österreich"]}],"nutritions":[{"key":"","value":"Unzubereitet"},{"key":" ","value":"100 g"},{"key":"Energie","value":"707 kJ | 169 kcal"},{"key":"Fett","value":"15 g"},{"key":"Fett, davon gesättigte Fettsäuren","value":"10,3 g"},{"key":"Kohlenhydrate","value":"4 g"},{"key":"Kohlenhydrate, davon Zucker","value":"4 g"},{"key":"Eiweiß","value":"4,5 g"},{"key":"Salz","value":"0,14 g"}],"tags":[]},
    {"url":"https://www.interspar.at/shop/lebensmittel/p/6441531","data":[{"key":"price","value":"0,79 €"},{"key":"oldPrice","value":"\n\t\t\t\t\t\n\t\t\t\t\t \n\t\t\t\t"},{"key":"pricePerUnit","value":"(3.95 €/l)"},{"key":"productDetailsName","value":"Zott Monte - Drink Schoko - 200 ML"},{"key":"detailsDescription","value":"200 ML"},{"key":"articleNumber","value":"Artikelnummer: 6441531"},{"key":"Lagerhinweis:","value":["Bei max. +8°C lagern."]},{"key":"Zutaten:","value":["Zutaten: MILCH (1,8% Fett) (90%), Zucker, MAGERMILCHPULVER, Schokoladenpulver (0,9%), HASELNUSSMARK (0,7%), modifizierte Stärke, Verdickungsmittel: Carrageen; Aroma. In Großbuchstaben angegebene Zutaten enthalten allergene Inhaltsstoffe."]},{"key":"Allergene:","value":["Enthält:Milch und daraus gewonnene Erzeugnisse (inkl. Laktose), Schalenfrüchte und daraus gewonnene Erzeugnisse"]},{"key":"Kontakt:","value":["Zott SE & Co. KG","Dr.-Steichele-Straße 2-4, 86690 Mertingen, Deutschland"]}],"nutritions":[{"key":"","value":"Unzubereitet"},{"key":" ","value":"100 g"},{"key":"Energie","value":"351 kJ | 83 kcal"},{"key":"Fett","value":"2,2 g"},{"key":"Fett, davon gesättigte Fettsäuren","value":"1,2 g"},{"key":"Kohlenhydrate","value":"11,7 g"},{"key":"Kohlenhydrate, davon Zucker","value":"10,2 g"},{"key":"Eiweiß","value":"4 g"},{"key":"Salz","value":"0,28 g"},{"key":"Kalzium","value":"120 mg | 15 %"}],"tags":[]},
    {"url":"https://www.interspar.at/shop/lebensmittel/p/7268656","data":[{"key":"price","value":"1,29 €"},{"key":"oldPrice","value":"\n\t\t\t\t\t\n\t\t\t\t\t \n\t\t\t\t"},{"key":"pricePerUnit","value":"(5.16 €/kg)"},{"key":"productDetailsName","value":"Lünebest - Mousse au chocolat - 250 G"},{"key":"detailsDescription","value":"250 G"},{"key":"articleNumber","value":"Artikelnummer: 7268656"},{"key":"Lagerhinweis:","value":["Kühl bei maximal + 8 °C lagern."]},{"key":"Zutaten:","value":["Zutaten: MAGERMILCH, SAHNE, 9% Schokolade (Kakaomasse, Zucker, Emulgator: SOJALECITHINE, natürliche Vanille), 8% Schokoladenpulver (Zucker, Kakao), Zucker, gehärtetes Kokosfett, getrockneter Glucosesirup, Speisegelatine, modifizierte Stärke, Emulgator: E472b, MILCHEIWEISS. Mit Stickstoff aufgeschlagen. In Großbuchstaben angegebene Zutaten enthalten allergene Inhaltsstoffe."]},{"key":"Allergene:","value":["Enthält:Milch und daraus gewonnene Erzeugnisse (inkl. Laktose), Sojabohnen und daraus gewonnene Erzeugnisse"]},{"key":"Ursprungsland/Herkunftsort:","value":["Deutschland"]},{"key":"Kontakt:","value":["Hochwald Foods GmbH Werk Lüneburg","Lüner Weg 5, 21337 Lüneburg, Deutschland"]}],"nutritions":[{"key":"","value":"Unzubereitet"},{"key":" ","value":"100 g"},{"key":"Energie","value":"768 kJ | 183 kcal"},{"key":"Fett","value":"7,6 g"},{"key":"Fett, davon gesättigte Fettsäuren","value":"5,9 g"},{"key":"Kohlenhydrate","value":"23,2 g"},{"key":"Kohlenhydrate, davon Zucker","value":"20,3 g"},{"key":"Eiweiß","value":"4,7 g"},{"key":"Salz","value":"0,13 g"}],"tags":[]},
    {"url":"https://www.interspar.at/shop/lebensmittel/p/7306693","data":[{"key":"price","value":"0,79 €"},{"key":"oldPrice","value":"\n\t\t\t\t\t\n\t\t\t\t\t \n\t\t\t\t"},{"key":"pricePerUnit","value":"(1.98 €/l)"},{"key":"productDetailsName","value":"Müller - Müllermilch Schoko - 400 ML"},{"key":"detailsDescription","value":"400 ML"},{"key":"articleNumber","value":"Artikelnummer: 7306693"},{"key":"Lagerhinweis:","value":["Bei + 8°C lagern."]},{"key":"Zutaten:","value":["Zutaten: Fettarme MILCH, BUTTERMILCH, MOLKENERZEUGNIS, 3,8% Schokoladenpulver (Zucker, Kakaopulver), Traubenzucker, Zucker, modifizierte Stärke, Stabilisator: Carrageen, Speisesalz, Aroma, Vitamin E, Thiamin, Riboflavin, Vitamin B6. In Großbuchstaben angegebene Zutaten enthalten allergene Inhaltsstoffe."]},{"key":"Allergene:","value":["Enthält:Milch und daraus gewonnene Erzeugnisse (inkl. Laktose)"]},{"key":"Identitätskennzeichen:","value":["DE SN 016 EG"]},{"key":"Kontakt:","value":["Molkerei Alois Müller GmbH & Co. KG","Zollerstraße 7, 86850 Fischach-Aretsried, Deutschland"]}],"nutritions":[{"key":"","value":"Unzubereitet"},{"key":" ","value":"100 ml"},{"key":"Energie","value":"322 kJ | 76 kcal"},{"key":"Fett","value":"1,5 g"},{"key":"Fett, davon gesättigte Fettsäuren","value":"1 g"},{"key":"Kohlenhydrate","value":"12,3 g"},{"key":"Kohlenhydrate, davon Zucker","value":"11,6 g"},{"key":"Eiweiß","value":"3,2 g"},{"key":"Salz","value":"0,15 g"},{"key":"Vitamin E","value":"2,9 mg | 24 %"},{"key":"Vitamin B 1, Thiamin","value":"0,23 mg | 21 %"},{"key":"Vitamin B 2, Riboflavin","value":"0,35 mg | 25 %"},{"key":"Vitamin B 6, Pyridoxin","value":"0,28 mg | 20 %"}],"tags":["immer Billig"]},
    {"url":"https://www.interspar.at/shop/lebensmittel/p/7306860","data":[{"key":"price","value":"0,79 €"},{"key":"oldPrice","value":"\n\t\t\t\t\t\n\t\t\t\t\t \n\t\t\t\t"},{"key":"pricePerUnit","value":"(1.98 €/l)"},{"key":"productDetailsName","value":"Müller - Müllermilch Banane - 400 ML"},{"key":"detailsDescription","value":"400 ML"},{"key":"articleNumber","value":"Artikelnummer: 7306860"},{"key":"Lagerhinweis:","value":["Bei + 8°C lagern."]},{"key":"Zutaten:","value":["Zutaten: Fettarme MILCH, BUTTERMILCH, Traubenzucker, Zucker, MILCHZUCKER, Banane, Bananenpüreekonzentrat, modifizierte Stärke, Stabilisator: Carrageen, Aroma, Vitamin E, Thiamin, Riboflavin, Vitamin B6. In Großbuchstaben angegebene Zutaten enthalten allergene Inhaltsstoffe."]},{"key":"Allergene:","value":["Enthält:Milch und daraus gewonnene Erzeugnisse (inkl. Laktose)"]},{"key":"Identitätskennzeichen:","value":["DE SN 016 EG"]},{"key":"Kontakt:","value":["Molkerei Alois Müller GmbH & Co. KG","Zollerstraße 7, 86850 Fischach-Aretsried, Deutschland"]}],"nutritions":[{"key":"","value":"Unzubereitet"},{"key":" ","value":"100 ml"},{"key":"Energie","value":"312 kJ | 74 kcal"},{"key":"Fett","value":"1,4 g"},{"key":"Fett, davon gesättigte Fettsäuren","value":"0,9 g"},{"key":"Kohlenhydrate","value":"12,2 g"},{"key":"Kohlenhydrate, davon Zucker","value":"11,4 g"},{"key":"Eiweiß","value":"3,1 g"},{"key":"Salz","value":"0,12 g"},{"key":"Vitamin E","value":"2,9 mg | 24 %"},{"key":"Vitamin B 1, Thiamin","value":"0,23 mg | 21 %"},{"key":"Vitamin B 2, Riboflavin","value":"0,35 mg | 25 %"},{"key":"Vitamin B 6, Pyridoxin","value":"0,28 mg | 20 %"}],"tags":["immer Billig"]},
    {"url":"https://www.interspar.at/shop/lebensmittel/p/7408854","data":[{"key":"price","value":"1,45 €"},{"key":"oldPrice","value":"\n\t\t\t\t\t\n\t\t\t\t\t \n\t\t\t\t"},{"key":"pricePerUnit","value":"(14.50 €/kg)"},{"key":"productDetailsName","value":"Meggle - Butter-Boutique 5 x 20g - 100 G"},{"key":"detailsDescription","value":"100 G"},{"key":"articleNumber","value":"Artikelnummer: 7408854"},{"key":"Lagerhinweis:","value":["Gekühlt bei max. +8°C lagern."]},{"key":"Zutaten:","value":["Zutaten: Kräuterbutter: BUTTER, Zwiebeln, Petersilie 6%, Knoblauch 3%, Salz, Kräuter, Gewürze, Stärke, Zitronensaft aus Konzentrat, natürliches Knoblaucharoma; Knoblauchbutter: BUTTER, Wasser, Knoblauch 7%, Gewürze, Salz, Stärke, Zitronensaft aus Konzentrat, natürliches Knoblaucharoma; Kräuterbutter Diablo: BUTTER, Zwiebeln, Petersilie 6%, Knoblauch 3%, Salz, Kräuter, Chillis, Paprika, Gewürze, Stärke, Gewürzextrakt, Zitronensaft aus Konzentrat, natürliches Knoblaucharoma. In Großbuchstaben angegebene Zutaten enthalten allergene Inhaltsstoffe."]},{"key":"Allergene:","value":["Enthält:Milch und daraus gewonnene Erzeugnisse (inkl. Laktose)"]},{"key":"Identitätskennzeichen:","value":["DE BY 111 EG"]},{"key":"Kontakt:","value":["Meggle","Megglestraße 6–12, 83512 Wasserburg, Deutschland"]}],"nutritions":[{"key":"","value":"Unzubereitet"},{"key":" ","value":"100 g"},{"key":"Energie","value":"2377 kJ | 578 kcal"},{"key":"Fett","value":"62 g"},{"key":"Fett, davon gesättigte Fettsäuren","value":"40 g"},{"key":"Kohlenhydrate","value":"3,3 g"},{"key":"Kohlenhydrate, davon Zucker","value":"2,4 g"},{"key":"Ballaststoffe","value":"0,6 g"},{"key":"Eiweiß","value":"1,2 g"},{"key":"Salz","value":"2,1 g"}],"tags":[]},
    {"url":"https://www.interspar.at/shop/lebensmittel/p/7511431","data":[{"key":"price","value":"0,65 €"},{"key":"oldPrice","value":"\n\t\t\t\t\t\n\t\t\t\t\t \n\t\t\t\t"},{"key":"pricePerUnit","value":"(2.60 €/l)"},{"key":"productDetailsName","value":"MinusL - Milchdrink Schokoladengeschmack - 250 ML"},{"key":"detailsDescription","value":"250 ML"},{"key":"articleNumber","value":"Artikelnummer: 7511431"},{"key":"Lagerhinweis:","value":["Ungeöffnet mindestens haltbar bis: siehe Verpackung"]},{"key":"Zutaten:","value":["Zutaten: 95% fettarme MILCH, Zucker, 1,1% fettarmes Kakaopulver, Traubenzucker, Laktase, Verdickungsmittel: Carrageen, Salz, Aroma. In Großbuchstaben angegebene Zutaten enthalten allergene Inhaltsstoffe."]},{"key":"Allergene:","value":["Enthält:Milch und daraus gewonnene Erzeugnisse (inkl. Laktose)"]},{"key":"","value":["Laktosefrei"]},{"key":"Ursprungsland/Herkunftsort:","value":["Deutschland"]},{"key":"Kontakt:","value":["Omira GmbH","Jahnstraße 10, 88214 Ravensburg, Deutschland"]}],"nutritions":[{"key":"","value":"Unzubereitet"},{"key":" ","value":"100 ml"},{"key":"Energie","value":"268 kJ | 64 kcal"},{"key":"Fett","value":"1,5 g"},{"key":"Fett, davon gesättigte Fettsäuren","value":"1 g"},{"key":"Kohlenhydrate","value":"8,9 g"},{"key":"Kohlenhydrate, davon Zucker","value":"8,7 g"},{"key":"Ballaststoffe","value":"0,4 g"},{"key":"Eiweiß","value":"3,4 g"},{"key":"Salz","value":"0,13 g"},{"key":"Laktose","value":"< 0,1 g"}],"tags":["Lactosefrei"]},
    {"url":"https://www.interspar.at/shop/lebensmittel/p/8059284","data":[{"key":"price","value":"1,59 €"},{"key":"oldPrice","value":"\n\t\t\t\t\t\n\t\t\t\t\t \n\t\t\t\t"},{"key":"pricePerUnit","value":"(6.36 €/kg)"},{"key":"productDetailsName","value":"QimiQ - Saucenbasis - 250 G"},{"key":"detailsDescription","value":"250 G"},{"key":"articleNumber","value":"Artikelnummer: 8059284"},{"key":"Lagerhinweis:","value":["Nach dem Öffnen im Kühlschrank aufbewahren und innerhalb von 3-4 Tagen aufbrauchen."]},{"key":"Zutaten:","value":["Zutaten: 97% SAHNE (16% Fett), Stärke. In Großbuchstaben angegebene Zutaten enthalten allergene Inhaltstoffe."]},{"key":"Allergene:","value":["Enthält:Milch und daraus gewonnene Erzeugnisse (inkl. Laktose)"]},{"key":"Zubereitung:","value":["Verzehrfertig1. QimiQ Saucenbasis in die Sauce oder Suppe geben, 2. Kurz aufkochen lassen und umrühren."]},{"key":"Identitätskennzeichen:","value":["AT50151EG"]},{"key":"Kontakt:","value":["QimiQ Handels GmbH","Lettlweg 5, 5322 Hof bei Salzburg, Österreich"]}],"nutritions":[{"key":"","value":"Unzubereitet"},{"key":" ","value":"100 g"},{"key":"Energie","value":"745 kJ | 178 kcal"},{"key":"Fett","value":"15,5 g"},{"key":"Fett, davon gesättigte Fettsäuren","value":"10,6 g"},{"key":"Kohlenhydrate","value":"6,7 g"},{"key":"Kohlenhydrate, davon Zucker","value":"3,7 g"},{"key":"Eiweiß","value":"2,9 g"},{"key":"Salz","value":"0,14 g"}],"tags":[]},
    {"url":"https://www.interspar.at/shop/lebensmittel/p/8207111","data":[{"key":"price","value":"1,79 €"},{"key":"oldPrice","value":"\n\t\t\t\t\t\n\t\t\t\t\t \n\t\t\t\t"},{"key":"pricePerUnit","value":"(4.48 €/kg)"},{"key":"productDetailsName","value":"Bauer - Der kleine Pudding Schoko 4x100g - 400 G"},{"key":"detailsDescription","value":"400 G"},{"key":"articleNumber","value":"Artikelnummer: 8207111"},{"key":"Lagerhinweis:","value":["Bei +8°C lagern."]},{"key":"Zutaten:","value":["Zutaten: 85% SAHNE, Zucker, modifizierte Stärke, 1,3% fettarmes Kakaopulver, 1% Schokoladenpulver (Kakaopulver, Zucker), Glukosesirup, Aroma, Verdickungsmittel: Carrageen. In Großbuchstaben angegebene Zutaten enthalten allergene Inhaltstoffe."]},{"key":"Allergene:","value":["Enthält:Milch und daraus gewonnene Erzeugnisse (inkl. Laktose)"]},{"key":"Identitätskennzeichen:","value":["DE-BY 13112 EG"]},{"key":"Kontakt:","value":["J. Bauer GmbH & Co. KG","Molkerei-Bauer-Straße 10, 83512 Wasserburg am Inn, Deutschland"]}],"nutritions":[{"key":"","value":"Unzubereitet"},{"key":" ","value":"100 g"},{"key":"Energie","value":"586 kJ | 140 kcal"},{"key":"Fett","value":"8,2 g"},{"key":"Fett, davon gesättigte Fettsäuren","value":"5,4 g"},{"key":"Kohlenhydrate","value":"13,6 g"},{"key":"Kohlenhydrate, davon Zucker","value":"11,7 g"},{"key":"Eiweiß","value":"3 g"},{"key":"Salz","value":"0,08 g"}],"tags":[]},
    {"url":"https://www.interspar.at/shop/lebensmittel/p/5554256","data":[{"key":"price","value":"1,59 €"},{"key":"oldPrice","value":"\n\t\t\t\t\t\n\t\t\t\t\t \n\t\t\t\t"},{"key":"pricePerUnit","value":"(6.36 €/kg)"},{"key":"productDetailsName","value":"QimiQ - Vanille - 250 G"},{"key":"detailsDescription","value":"250 G"},{"key":"articleNumber","value":"Artikelnummer: 5554256"},{"key":"Lagerhinweis:","value":["Nach dem Öffnen im Kühlschrank aufbewahren und innerhalb von 3-4 Tagen aufbrauchen."]},{"key":"Zutaten:","value":["Zutaten: 93% SAHNE (16,2% Fett),4% Zucker, Gelatine, Stärke, Vanilleextrakt, Aroma, Frabstoff Betacarotin. In Großbuchstaben angegebene Zutaten enthalten allergene Inhaltstoffe."]},{"key":"Allergene:","value":["Enthält:Milch und daraus gewonnene Erzeugnisse (inkl. Laktose)"]},{"key":"Zubereitung:","value":["Verzehrfertig1. Ungekühltes QimiQ Classic Vanille mit dem Schneebesen oder Mixer glattrühren, 2. Zutaten laut Rezept beigeben, 3. Kühlen"]},{"key":"Identitätskennzeichen:","value":["AT50151EG"]},{"key":"Verbrauchen nach dem Öffnen:","value":["3 Tage"]},{"key":"Kontakt:","value":["QimiQ Handels GmbH","Lettlweg 5, 5322 Hof bei Salzburg, Österreich"]}],"nutritions":[{"key":" ","value":"100 g"},{"key":"","value":"Unzubereitet"},{"key":"Energie","value":"770 kJ | 184 kcal"},{"key":"Fett","value":"15 g"},{"key":"Fett, davon gesättigte Fettsäuren","value":"10,3 g"},{"key":"Kohlenhydrate","value":"8,2 g"},{"key":"Kohlenhydrate, davon Zucker","value":"7,8 g"},{"key":"Eiweiß","value":"4,1 g"},{"key":"Salz","value":"0,14 g"}],"tags":[]},
    {"url":"https://www.interspar.at/shop/lebensmittel/p/5680597","data":[{"key":"price","value":"1,99 €"},{"key":"oldPrice","value":"\n\t\t\t\t\t\n\t\t\t\t\t \n\t\t\t\t"},{"key":"pricePerUnit","value":"(3.98 €/kg)"},{"key":"productDetailsName","value":"Dr. Oetker Paula - Schoko 4 x 125g - 500 G"},{"key":"detailsDescription","value":"500 G"},{"key":"articleNumber","value":"Artikelnummer: 5680597"},{"key":"Lagerhinweis:","value":["Bei +8°C lagern."]},{"key":"Zutaten:","value":["Zutaten: 86% VOLLMILCH, Zucker, modifizierte Stärke, 1,4% fettarmer Kakao, Verdickungsmittel: Carrageen,  Salz, Aroma, Farbstoff: Carotin, Stabilisator: Natriumcarbonate. In Großbuchstaben angegebene Zutaten enthalten allergene Inhaltsstoffe."]},{"key":"Allergene:","value":["Enthält:Milch und daraus gewonnene Erzeugnisse (inkl. Laktose)"]},{"key":"Identitätskennzeichen:","value":["DE NW 303 EG"]},{"key":"Kontakt:","value":["Dr. Oetker GmbH","Ringmauergasse 9/1, 9500 Villach, Österreich"]}],"nutritions":[{"key":"","value":"Unzubereitet"},{"key":" ","value":"100 g"},{"key":"Energie","value":"467 kJ | 111 kcal"},{"key":"Fett","value":"3,8 g"},{"key":"Fett, davon gesättigte Fettsäuren","value":"2,5 g"},{"key":"Kohlenhydrate","value":"16 g"},{"key":"Kohlenhydrate, davon Zucker","value":"13 g"},{"key":"Eiweiß","value":"3,3 g"},{"key":"Salz","value":"0,18 g"},{"key":" ","value":"Portion (125 g)"}],"tags":[]},
    {"url":"https://www.interspar.at/shop/lebensmittel/p/5680672","data":[{"key":"price","value":"1,99 €"},{"key":"oldPrice","value":"\n\t\t\t\t\t\n\t\t\t\t\t \n\t\t\t\t"},{"key":"pricePerUnit","value":"(3.98 €/kg)"},{"key":"productDetailsName","value":"Dr. Oetker Paula - Vanille Geschmack 4 x 125g - 500 G"},{"key":"detailsDescription","value":"500 G"},{"key":"articleNumber","value":"Artikelnummer: 5680672"},{"key":"Lagerhinweis:","value":["Bei +8°C lagern."]},{"key":"Zutaten:","value":["Zutaten: 87% VOLLMILCH, Zucker, modifizierte Stärke, 0,6% fettarmer Kakao, Verdickungsmittel: Carrageen, Aroma, Salz, Farbstoff: Carotin, Stabilisator: Natriumcarbonate. In Großbuchstaben angegebene Zutaten enthalten allergene Inhaltsstoffe."]},{"key":"Allergene:","value":["Enthält:Milch und daraus gewonnene Erzeugnisse (inkl. Laktose)"]},{"key":"Identitätskennzeichen:","value":["DE NW 303 EG"]},{"key":"Kontakt:","value":["Dr. Oetker GmbH","Ringmauergasse 9/1, 9500 Villach, Österreich"]}],"nutritions":[{"key":"","value":"Unzubereitet"},{"key":" ","value":"100 g"},{"key":"Energie","value":"454 kJ | 108 kcal"},{"key":"Fett","value":"3,9 g"},{"key":"Fett, davon gesättigte Fettsäuren","value":"2,5 g"},{"key":"Kohlenhydrate","value":"15 g"},{"key":"Kohlenhydrate, davon Zucker","value":"12 g"},{"key":"Eiweiß","value":"3,1 g"},{"key":"Salz","value":"0,18 g"},{"key":" ","value":"Portion (125 g)"}],"tags":[]},
    {"url":"https://www.interspar.at/shop/lebensmittel/p/5830749","data":[{"key":"price","value":"1,59 €"},{"key":"oldPrice","value":"\n\t\t\t\t\t\n\t\t\t\t\t \n\t\t\t\t"},{"key":"pricePerUnit","value":"(6.36 €/kg)"},{"key":"productDetailsName","value":"QimiQ - Classic - 250 G"},{"key":"detailsDescription","value":"250 G"},{"key":"articleNumber","value":"Artikelnummer: 5830749"},{"key":"Lagerhinweis:","value":["Nach dem Öffnen im Kühlschrank aufbewahren und innerhalb von 3-4 Tagen aufbrauchen."]},{"key":"Zutaten:","value":["Zutaten: 99% SAHNE (15% Fett) mit Gelatine. UHT. In Großbuchstaben angegebene Zutaten enthalten allergene Inhaltstoffe."]},{"key":"Allergene:","value":["Enthält:Milch und daraus gewonnene Erzeugnisse (inkl. Laktose)"]},{"key":"Zubereitung:","value":["Verzehrfertig1. Ungekühltes QimiQ Classic mit dem Schneebesen oder Mixer glattrühren, 2. Zutaten laut Rezept beigeben, 3. Kühlen"]},{"key":"Identitätskennzeichen:","value":["AT50151EG"]},{"key":"Kontakt:","value":["QimiQ Handels GmbH","Lettlweg 5, 5322 Hof bei Salzburg, Österreich"]}],"nutritions":[{"key":"","value":"Unzubereitet"},{"key":" ","value":"100 g"},{"key":"Energie","value":"707 kJ | 169 kcal"},{"key":"Fett","value":"15 g"},{"key":"Fett, davon gesättigte Fettsäuren","value":"10,3 g"},{"key":"Kohlenhydrate","value":"4 g"},{"key":"Kohlenhydrate, davon Zucker","value":"4 g"},{"key":"Eiweiß","value":"4,5 g"},{"key":"Salz","value":"0,14 g"}],"tags":[]},
    {"url":"https://www.interspar.at/shop/lebensmittel/p/6441531","data":[{"key":"price","value":"0,79 €"},{"key":"oldPrice","value":"\n\t\t\t\t\t\n\t\t\t\t\t \n\t\t\t\t"},{"key":"pricePerUnit","value":"(3.95 €/l)"},{"key":"productDetailsName","value":"Zott Monte - Drink Schoko - 200 ML"},{"key":"detailsDescription","value":"200 ML"},{"key":"articleNumber","value":"Artikelnummer: 6441531"},{"key":"Lagerhinweis:","value":["Bei max. +8°C lagern."]},{"key":"Zutaten:","value":["Zutaten: MILCH (1,8% Fett) (90%), Zucker, MAGERMILCHPULVER, Schokoladenpulver (0,9%), HASELNUSSMARK (0,7%), modifizierte Stärke, Verdickungsmittel: Carrageen; Aroma. In Großbuchstaben angegebene Zutaten enthalten allergene Inhaltsstoffe."]},{"key":"Allergene:","value":["Enthält:Milch und daraus gewonnene Erzeugnisse (inkl. Laktose), Schalenfrüchte und daraus gewonnene Erzeugnisse"]},{"key":"Kontakt:","value":["Zott SE & Co. KG","Dr.-Steichele-Straße 2-4, 86690 Mertingen, Deutschland"]}],"nutritions":[{"key":"","value":"Unzubereitet"},{"key":" ","value":"100 g"},{"key":"Energie","value":"351 kJ | 83 kcal"},{"key":"Fett","value":"2,2 g"},{"key":"Fett, davon gesättigte Fettsäuren","value":"1,2 g"},{"key":"Kohlenhydrate","value":"11,7 g"},{"key":"Kohlenhydrate, davon Zucker","value":"10,2 g"},{"key":"Eiweiß","value":"4 g"},{"key":"Salz","value":"0,28 g"},{"key":"Kalzium","value":"120 mg | 15 %"}],"tags":[]},
    {"url":"https://www.interspar.at/shop/lebensmittel/p/7268656","data":[{"key":"price","value":"1,29 €"},{"key":"oldPrice","value":"\n\t\t\t\t\t\n\t\t\t\t\t \n\t\t\t\t"},{"key":"pricePerUnit","value":"(5.16 €/kg)"},{"key":"productDetailsName","value":"Lünebest - Mousse au chocolat - 250 G"},{"key":"detailsDescription","value":"250 G"},{"key":"articleNumber","value":"Artikelnummer: 7268656"},{"key":"Lagerhinweis:","value":["Kühl bei maximal + 8 °C lagern."]},{"key":"Zutaten:","value":["Zutaten: MAGERMILCH, SAHNE, 9% Schokolade (Kakaomasse, Zucker, Emulgator: SOJALECITHINE, natürliche Vanille), 8% Schokoladenpulver (Zucker, Kakao), Zucker, gehärtetes Kokosfett, getrockneter Glucosesirup, Speisegelatine, modifizierte Stärke, Emulgator: E472b, MILCHEIWEISS. Mit Stickstoff aufgeschlagen. In Großbuchstaben angegebene Zutaten enthalten allergene Inhaltsstoffe."]},{"key":"Allergene:","value":["Enthält:Milch und daraus gewonnene Erzeugnisse (inkl. Laktose), Sojabohnen und daraus gewonnene Erzeugnisse"]},{"key":"Ursprungsland/Herkunftsort:","value":["Deutschland"]},{"key":"Kontakt:","value":["Hochwald Foods GmbH Werk Lüneburg","Lüner Weg 5, 21337 Lüneburg, Deutschland"]}],"nutritions":[{"key":"","value":"Unzubereitet"},{"key":" ","value":"100 g"},{"key":"Energie","value":"768 kJ | 183 kcal"},{"key":"Fett","value":"7,6 g"},{"key":"Fett, davon gesättigte Fettsäuren","value":"5,9 g"},{"key":"Kohlenhydrate","value":"23,2 g"},{"key":"Kohlenhydrate, davon Zucker","value":"20,3 g"},{"key":"Eiweiß","value":"4,7 g"},{"key":"Salz","value":"0,13 g"}],"tags":[]},
    {"url":"https://www.interspar.at/shop/lebensmittel/p/7306693","data":[{"key":"price","value":"0,79 €"},{"key":"oldPrice","value":"\n\t\t\t\t\t\n\t\t\t\t\t \n\t\t\t\t"},{"key":"pricePerUnit","value":"(1.98 €/l)"},{"key":"productDetailsName","value":"Müller - Müllermilch Schoko - 400 ML"},{"key":"detailsDescription","value":"400 ML"},{"key":"articleNumber","value":"Artikelnummer: 7306693"},{"key":"Lagerhinweis:","value":["Bei + 8°C lagern."]},{"key":"Zutaten:","value":["Zutaten: Fettarme MILCH, BUTTERMILCH, MOLKENERZEUGNIS, 3,8% Schokoladenpulver (Zucker, Kakaopulver), Traubenzucker, Zucker, modifizierte Stärke, Stabilisator: Carrageen, Speisesalz, Aroma, Vitamin E, Thiamin, Riboflavin, Vitamin B6. In Großbuchstaben angegebene Zutaten enthalten allergene Inhaltsstoffe."]},{"key":"Allergene:","value":["Enthält:Milch und daraus gewonnene Erzeugnisse (inkl. Laktose)"]},{"key":"Identitätskennzeichen:","value":["DE SN 016 EG"]},{"key":"Kontakt:","value":["Molkerei Alois Müller GmbH & Co. KG","Zollerstraße 7, 86850 Fischach-Aretsried, Deutschland"]}],"nutritions":[{"key":"","value":"Unzubereitet"},{"key":" ","value":"100 ml"},{"key":"Energie","value":"322 kJ | 76 kcal"},{"key":"Fett","value":"1,5 g"},{"key":"Fett, davon gesättigte Fettsäuren","value":"1 g"},{"key":"Kohlenhydrate","value":"12,3 g"},{"key":"Kohlenhydrate, davon Zucker","value":"11,6 g"},{"key":"Eiweiß","value":"3,2 g"},{"key":"Salz","value":"0,15 g"},{"key":"Vitamin E","value":"2,9 mg | 24 %"},{"key":"Vitamin B 1, Thiamin","value":"0,23 mg | 21 %"},{"key":"Vitamin B 2, Riboflavin","value":"0,35 mg | 25 %"},{"key":"Vitamin B 6, Pyridoxin","value":"0,28 mg | 20 %"}],"tags":["immer Billig"]},
    {"url":"https://www.interspar.at/shop/lebensmittel/p/7306860","data":[{"key":"price","value":"0,79 €"},{"key":"oldPrice","value":"\n\t\t\t\t\t\n\t\t\t\t\t \n\t\t\t\t"},{"key":"pricePerUnit","value":"(1.98 €/l)"},{"key":"productDetailsName","value":"Müller - Müllermilch Banane - 400 ML"},{"key":"detailsDescription","value":"400 ML"},{"key":"articleNumber","value":"Artikelnummer: 7306860"},{"key":"Lagerhinweis:","value":["Bei + 8°C lagern."]},{"key":"Zutaten:","value":["Zutaten: Fettarme MILCH, BUTTERMILCH, Traubenzucker, Zucker, MILCHZUCKER, Banane, Bananenpüreekonzentrat, modifizierte Stärke, Stabilisator: Carrageen, Aroma, Vitamin E, Thiamin, Riboflavin, Vitamin B6. In Großbuchstaben angegebene Zutaten enthalten allergene Inhaltsstoffe."]},{"key":"Allergene:","value":["Enthält:Milch und daraus gewonnene Erzeugnisse (inkl. Laktose)"]},{"key":"Identitätskennzeichen:","value":["DE SN 016 EG"]},{"key":"Kontakt:","value":["Molkerei Alois Müller GmbH & Co. KG","Zollerstraße 7, 86850 Fischach-Aretsried, Deutschland"]}],"nutritions":[{"key":"","value":"Unzubereitet"},{"key":" ","value":"100 ml"},{"key":"Energie","value":"312 kJ | 74 kcal"},{"key":"Fett","value":"1,4 g"},{"key":"Fett, davon gesättigte Fettsäuren","value":"0,9 g"},{"key":"Kohlenhydrate","value":"12,2 g"},{"key":"Kohlenhydrate, davon Zucker","value":"11,4 g"},{"key":"Eiweiß","value":"3,1 g"},{"key":"Salz","value":"0,12 g"},{"key":"Vitamin E","value":"2,9 mg | 24 %"},{"key":"Vitamin B 1, Thiamin","value":"0,23 mg | 21 %"},{"key":"Vitamin B 2, Riboflavin","value":"0,35 mg | 25 %"},{"key":"Vitamin B 6, Pyridoxin","value":"0,28 mg | 20 %"}],"tags":["immer Billig"]},
    {"url":"https://www.interspar.at/shop/lebensmittel/p/7408854","data":[{"key":"price","value":"1,45 €"},{"key":"oldPrice","value":"\n\t\t\t\t\t\n\t\t\t\t\t \n\t\t\t\t"},{"key":"pricePerUnit","value":"(14.50 €/kg)"},{"key":"productDetailsName","value":"Meggle - Butter-Boutique 5 x 20g - 100 G"},{"key":"detailsDescription","value":"100 G"},{"key":"articleNumber","value":"Artikelnummer: 7408854"},{"key":"Lagerhinweis:","value":["Gekühlt bei max. +8°C lagern."]},{"key":"Zutaten:","value":["Zutaten: Kräuterbutter: BUTTER, Zwiebeln, Petersilie 6%, Knoblauch 3%, Salz, Kräuter, Gewürze, Stärke, Zitronensaft aus Konzentrat, natürliches Knoblaucharoma; Knoblauchbutter: BUTTER, Wasser, Knoblauch 7%, Gewürze, Salz, Stärke, Zitronensaft aus Konzentrat, natürliches Knoblaucharoma; Kräuterbutter Diablo: BUTTER, Zwiebeln, Petersilie 6%, Knoblauch 3%, Salz, Kräuter, Chillis, Paprika, Gewürze, Stärke, Gewürzextrakt, Zitronensaft aus Konzentrat, natürliches Knoblaucharoma. In Großbuchstaben angegebene Zutaten enthalten allergene Inhaltsstoffe."]},{"key":"Allergene:","value":["Enthält:Milch und daraus gewonnene Erzeugnisse (inkl. Laktose)"]},{"key":"Identitätskennzeichen:","value":["DE BY 111 EG"]},{"key":"Kontakt:","value":["Meggle","Megglestraße 6–12, 83512 Wasserburg, Deutschland"]}],"nutritions":[{"key":"","value":"Unzubereitet"},{"key":" ","value":"100 g"},{"key":"Energie","value":"2377 kJ | 578 kcal"},{"key":"Fett","value":"62 g"},{"key":"Fett, davon gesättigte Fettsäuren","value":"40 g"},{"key":"Kohlenhydrate","value":"3,3 g"},{"key":"Kohlenhydrate, davon Zucker","value":"2,4 g"},{"key":"Ballaststoffe","value":"0,6 g"},{"key":"Eiweiß","value":"1,2 g"},{"key":"Salz","value":"2,1 g"}],"tags":[]},
    {"url":"https://www.interspar.at/shop/lebensmittel/p/7511431","data":[{"key":"price","value":"0,65 €"},{"key":"oldPrice","value":"\n\t\t\t\t\t\n\t\t\t\t\t \n\t\t\t\t"},{"key":"pricePerUnit","value":"(2.60 €/l)"},{"key":"productDetailsName","value":"MinusL - Milchdrink Schokoladengeschmack - 250 ML"},{"key":"detailsDescription","value":"250 ML"},{"key":"articleNumber","value":"Artikelnummer: 7511431"},{"key":"Lagerhinweis:","value":["Ungeöffnet mindestens haltbar bis: siehe Verpackung"]},{"key":"Zutaten:","value":["Zutaten: 95% fettarme MILCH, Zucker, 1,1% fettarmes Kakaopulver, Traubenzucker, Laktase, Verdickungsmittel: Carrageen, Salz, Aroma. In Großbuchstaben angegebene Zutaten enthalten allergene Inhaltsstoffe."]},{"key":"Allergene:","value":["Enthält:Milch und daraus gewonnene Erzeugnisse (inkl. Laktose)"]},{"key":"","value":["Laktosefrei"]},{"key":"Ursprungsland/Herkunftsort:","value":["Deutschland"]},{"key":"Kontakt:","value":["Omira GmbH","Jahnstraße 10, 88214 Ravensburg, Deutschland"]}],"nutritions":[{"key":"","value":"Unzubereitet"},{"key":" ","value":"100 ml"},{"key":"Energie","value":"268 kJ | 64 kcal"},{"key":"Fett","value":"1,5 g"},{"key":"Fett, davon gesättigte Fettsäuren","value":"1 g"},{"key":"Kohlenhydrate","value":"8,9 g"},{"key":"Kohlenhydrate, davon Zucker","value":"8,7 g"},{"key":"Ballaststoffe","value":"0,4 g"},{"key":"Eiweiß","value":"3,4 g"},{"key":"Salz","value":"0,13 g"},{"key":"Laktose","value":"< 0,1 g"}],"tags":["Lactosefrei"]},
    {"url":"https://www.interspar.at/shop/lebensmittel/p/8059284","data":[{"key":"price","value":"1,59 €"},{"key":"oldPrice","value":"\n\t\t\t\t\t\n\t\t\t\t\t \n\t\t\t\t"},{"key":"pricePerUnit","value":"(6.36 €/kg)"},{"key":"productDetailsName","value":"QimiQ - Saucenbasis - 250 G"},{"key":"detailsDescription","value":"250 G"},{"key":"articleNumber","value":"Artikelnummer: 8059284"},{"key":"Lagerhinweis:","value":["Nach dem Öffnen im Kühlschrank aufbewahren und innerhalb von 3-4 Tagen aufbrauchen."]},{"key":"Zutaten:","value":["Zutaten: 97% SAHNE (16% Fett), Stärke. In Großbuchstaben angegebene Zutaten enthalten allergene Inhaltstoffe."]},{"key":"Allergene:","value":["Enthält:Milch und daraus gewonnene Erzeugnisse (inkl. Laktose)"]},{"key":"Zubereitung:","value":["Verzehrfertig1. QimiQ Saucenbasis in die Sauce oder Suppe geben, 2. Kurz aufkochen lassen und umrühren."]},{"key":"Identitätskennzeichen:","value":["AT50151EG"]},{"key":"Kontakt:","value":["QimiQ Handels GmbH","Lettlweg 5, 5322 Hof bei Salzburg, Österreich"]}],"nutritions":[{"key":"","value":"Unzubereitet"},{"key":" ","value":"100 g"},{"key":"Energie","value":"745 kJ | 178 kcal"},{"key":"Fett","value":"15,5 g"},{"key":"Fett, davon gesättigte Fettsäuren","value":"10,6 g"},{"key":"Kohlenhydrate","value":"6,7 g"},{"key":"Kohlenhydrate, davon Zucker","value":"3,7 g"},{"key":"Eiweiß","value":"2,9 g"},{"key":"Salz","value":"0,14 g"}],"tags":[]},
    {"url":"https://www.interspar.at/shop/lebensmittel/p/8207111","data":[{"key":"price","value":"1,79 €"},{"key":"oldPrice","value":"\n\t\t\t\t\t\n\t\t\t\t\t \n\t\t\t\t"},{"key":"pricePerUnit","value":"(4.48 €/kg)"},{"key":"productDetailsName","value":"Bauer - Der kleine Pudding Schoko 4x100g - 400 G"},{"key":"detailsDescription","value":"400 G"},{"key":"articleNumber","value":"Artikelnummer: 8207111"},{"key":"Lagerhinweis:","value":["Bei +8°C lagern."]},{"key":"Zutaten:","value":["Zutaten: 85% SAHNE, Zucker, modifizierte Stärke, 1,3% fettarmes Kakaopulver, 1% Schokoladenpulver (Kakaopulver, Zucker), Glukosesirup, Aroma, Verdickungsmittel: Carrageen. In Großbuchstaben angegebene Zutaten enthalten allergene Inhaltstoffe."]},{"key":"Allergene:","value":["Enthält:Milch und daraus gewonnene Erzeugnisse (inkl. Laktose)"]},{"key":"Identitätskennzeichen:","value":["DE-BY 13112 EG"]},{"key":"Kontakt:","value":["J. Bauer GmbH & Co. KG","Molkerei-Bauer-Straße 10, 83512 Wasserburg am Inn, Deutschland"]}],"nutritions":[{"key":"","value":"Unzubereitet"},{"key":" ","value":"100 g"},{"key":"Energie","value":"586 kJ | 140 kcal"},{"key":"Fett","value":"8,2 g"},{"key":"Fett, davon gesättigte Fettsäuren","value":"5,4 g"},{"key":"Kohlenhydrate","value":"13,6 g"},{"key":"Kohlenhydrate, davon Zucker","value":"11,7 g"},{"key":"Eiweiß","value":"3 g"},{"key":"Salz","value":"0,08 g"}],"tags":[]},
    {"url":"https://www.interspar.at/shop/lebensmittel/p/850230","data":[{"key":"price","value":"0,49 €"},{"key":"oldPrice","value":"\n\t\t\t\t\t\n\t\t\t\t\tstatt 0,99 €\n\t\t\t\t"},{"key":"pricePerUnit","value":"(0.49 €/l)"},{"key":"productDetailsName","value":"Schärdinger Formil - H-Vollmilch 3,5% Fett - 1 L"},{"key":"detailsDescription","value":"1 L"},{"key":"articleNumber","value":"Artikelnummer: 850230"},{"key":"Lagerhinweis:","value":["Ungeöffnete Packung ist ungekühlt lagerfähig. Nach dem Öffnen gekühlt lagern und innerhalb von wenigen Tagen verbrauchen."]},{"key":"Zutaten:","value":["Zutaten: VOLLMILCH. In Großbuchstaben angegebene Zutaten enthalten allergene Inhaltsstoffe."]},{"key":"Allergene:","value":["Enthält:Milch und daraus gewonnene Erzeugnisse (inkl. Laktose)"]},{"key":"Identitätskennzeichen:","value":["AT 30751 EG"]},{"key":"Kontakt:","value":["Berglandmilch eGen","Schubertstraße 30, 4600 Wels, Österreich"]}],"nutritions":[{"key":"","value":"Unzubereitet"},{"key":" ","value":"100 ml"},{"key":"Energie","value":"267 kJ | 64 kcal"},{"key":"Fett","value":"3,5 g"},{"key":"Fett, davon gesättigte Fettsäuren","value":"2,3 g"},{"key":"Kohlenhydrate","value":"4,8 g"},{"key":"Kohlenhydrate, davon Zucker","value":"4,8 g"},{"key":"Eiweiß","value":"3,3 g"},{"key":"Salz","value":"0,13 g"}],"tags":[]},
    {"url":"https://www.interspar.at/shop/lebensmittel/p/2020000999492","data":[{"key":"price","value":"1,79 €"},{"key":"oldPrice","value":"\n\t\t\t\t\t\n\t\t\t\t\t \n\t\t\t\t"},{"key":"pricePerUnit","value":"(3.58 €/kg)"},{"key":"productDetailsName","value":"Landliebe - Sahnepudding Vanille 4 x 125g - 500 G"},{"key":"detailsDescription","value":"500 G"},{"key":"articleNumber","value":"Artikelnummer: 2020000999492"},{"key":"Lagerhinweis:","value":["Bei max. +8°C lagern."]},{"key":"Zutaten:","value":["Zutaten: 45% SAHNE, 41% VOLLMILCH, Zucker, modifizierte Stärke, MAGERMILCHKONZENTRAT, natürliches Vanillearoma (enthält MILCH), Stärke, Farbstoff Beta-Carotin, gemahlene Vanilleschoten.  In Großbuchstaben angegebene Zutaten enthalten allergene Inhaltsstoffe."]},{"key":"Allergene:","value":["Enthält:Milch und daraus gewonnene Erzeugnisse (inkl. Laktose)"]},{"key":"Identitätskennzeichen:","value":["DE BW 033 EG"]},{"key":"Kontakt:","value":["Landliebe Molkereiprodukte GmbH","Wimpfener Straße 125, 74078 Heilbronn, Deutschland"]}],"nutritions":[{"key":"","value":"Unzubereitet"},{"key":" ","value":"100 g"},{"key":"Energie","value":"611 kJ | 146 kcal"},{"key":"Fett","value":"8,2 g"},{"key":"Fett, davon gesättigte Fettsäuren","value":"5,7 g"},{"key":"Kohlenhydrate","value":"15 g"},{"key":"Kohlenhydrate, davon Zucker","value":"11 g"},{"key":"Eiweiß","value":"3,1 g"},{"key":"Salz","value":"0,2 g"}],"tags":["immer Billig"]},
    {"url":"https://www.interspar.at/shop/lebensmittel/p/2020001679201","data":[{"key":"price","value":"0,99 €"},{"key":"oldPrice","value":"\n\t\t\t\t\t\n\t\t\t\t\t \n\t\t\t\t"},{"key":"pricePerUnit","value":"(1.98 €/kg)"},{"key":"productDetailsName","value":"NÖM fasten - Milchdrink Schoko - 500 G"},{"key":"detailsDescription","value":"500 G"},{"key":"articleNumber","value":"Artikelnummer: 2020001679201"},{"key":"Lagerhinweis:","value":["Gekühlt (3-9°C). Nach dem Öffnen gekühlt lagern und innerhalb von 1-2 Tagen verbrauchen."]},{"key":"Zutaten:","value":["Zutaten: Laktosefreie MILCH* (0,9% Fett), Inulin, 2,5% Schokoladenpulver (Kakaopulver, Fruktose), Stabilisatoren: Carrageen, Guarkenmehl; Süßungsmittel: Acesulfam K, Sucralose; Calciumcarbonat, Folsäure. *gentechnikfreie Milch laut Definition des Österreichischen Lebensmittelcodex für gentechnikfreie Produktion; Kontrolle durch agroVet GmbH. In Großbuchstaben angegebene Zutaten enthalten allergene Inhaltstoffe."]},{"key":"Allergene:","value":["Enthält:Milch und daraus gewonnene Erzeugnisse (inkl. Laktose)"]},{"key":"","value":["<0,01g Laktose pro 100g"]},{"key":"","value":["Laktosefrei"]},{"key":"Identitätskennzeichen:","value":["AT 30960 EG"]},{"key":"Verbrauchen nach dem Öffnen:","value":["1 Tage"]},{"key":"Verwendungshinweis:","value":["Vor dem Öffnen gut schütteln."]},{"key":"Kontakt:","value":["NÖM AG","Vöslauer Straße 109, 2500 Baden, Österreich","www.noemfasten.at","www.noem.at"]}],"nutritions":[{"key":"","value":"Unzubereitet"},{"key":" ","value":"100 g"},{"key":"Energie","value":"206 kJ | 49 kcal"},{"key":"Fett","value":"1,2 g"},{"key":"Fett, davon gesättigte Fettsäuren","value":"0,8 g"},{"key":"Kohlenhydrate","value":"5,9 g"},{"key":"Kohlenhydrate, davon Zucker","value":"5,8 g"},{"key":"Ballaststoffe","value":"1,9 g"},{"key":"Eiweiß","value":"3,7 g"},{"key":"Salz","value":"0,1 g"},{"key":"Folsäure","value":"60 µg | 30 %"},{"key":"Kalzium","value":"120 mg | 15 %"},{"key":"","value":"Unzubereitet"},{"key":" ","value":"Portion (250 g)"},{"key":"Energie","value":"515 kJ | 123 kcal | 6 %"},{"key":"Fett","value":"3 g | 4 %"},{"key":"Fett, davon gesättigte Fettsäuren","value":"2 g | 10 %"},{"key":"Kohlenhydrate","value":"14,8 g | 6 %"},{"key":"Kohlenhydrate, davon Zucker","value":"14,5 g | 16 %"},{"key":"Ballaststoffe","value":"4,8 g"},{"key":"Eiweiß","value":"9,3 g | 19 %"},{"key":"Salz","value":"0,25 g | 4 %"},{"key":"Folsäure","value":"150 µg | 75 %"},{"key":"Kalzium","value":"300 mg | 38 %"}],"tags":["Lactosefrei"]},
    {"url":"https://www.interspar.at/shop/lebensmittel/p/2020001706068","data":[{"key":"price","value":"0,99 €"},{"key":"oldPrice","value":"\n\t\t\t\t\t\n\t\t\t\t\t \n\t\t\t\t"},{"key":"pricePerUnit","value":"(1.98 €/l)"},{"key":"productDetailsName","value":"NÖM - Kakaomilch laktosefrei - 0,5 L"},{"key":"detailsDescription","value":"0,5 L"},{"key":"articleNumber","value":"Artikelnummer: 2020001706068"},{"key":"Lagerhinweis:","value":["Nach dem Öffnen gekühlt (3-9°C) lagern."]},{"key":"Zutaten:","value":["Zutaten: Teilentrahmte laktosefreie* MILCH*** mit 1,8% Fett, Zucker, 1,2% Magerkakaopulver, Stabilisator: Carrageen, Speisesalz, Aroma. *<0,01g Laktose / 100ml (Laktose = Milchzucker) ***laut Definition des Österreichischen Lebensmittelcodex für gentechnikfreie Produktion; Kontrolle durch agroVet GmbH. In Großbuchstaben angegebene Zutaten enthalten allergene Inhaltstoffe."]},{"key":"Allergene:","value":["Enthält:Milch und daraus gewonnene Erzeugnisse (inkl. Laktose)"]},{"key":"","value":["*<0,01g Laktose / 100ml (Laktose = Milchzucker)"]},{"key":"","value":["Laktosefrei"]},{"key":"Identitätskennzeichen:","value":["AT 30960 EG"]},{"key":"Kontakt:","value":["NÖM AG","Vöslauer Straße 109, 2500 Baden, Austria","0800 800 500","www.noem.at"]}],"nutritions":[{"key":"","value":"Unzubereitet"},{"key":" ","value":"100 ml"},{"key":"Energie","value":"283 kJ | 67 kcal | 3 %"},{"key":"Fett","value":"1,9 g | 3 %"},{"key":"Fett, davon gesättigte Fettsäuren","value":"1,1 g | 6 %"},{"key":"Kohlenhydrate","value":"9 g | 3 %"},{"key":"Kohlenhydrate, davon Zucker","value":"9 g | 10 %"},{"key":"Eiweiß","value":"3,6 g | 7 %"},{"key":"Salz","value":"0,1 g | 2 %"}],"tags":["Lactosefrei"]},
    {"url":"https://www.interspar.at/shop/lebensmittel/p/2694399","data":[{"key":"price","value":"1,89 €"},{"key":"oldPrice","value":"\n\t\t\t\t\t\n\t\t\t\t\t \n\t\t\t\t"},{"key":"pricePerUnit","value":"(4.73 €/kg)"},{"key":"productDetailsName","value":"Gmundner Milch - Haltbares Kaffeeobers 50 x 8g - 400 G"},{"key":"detailsDescription","value":"400 G"},{"key":"articleNumber","value":"Artikelnummer: 2694399"},{"key":"Lagerhinweis:","value":["Nicht über Zimmertemperatur lagern! Nach dem Öffnen gekühlt lagern und innerhalb von 4 Tagen verbrauchen."]},{"key":"Zutaten:","value":["Zutaten: RAHM 22% Fett, Stabilisator Carrageen. In Großbuchstaben angegebene Zutaten enthalten allergene Inhaltsstoffe."]},{"key":"Allergene:","value":["Enthält:Milch und daraus gewonnene Erzeugnisse (inkl. Laktose)"]},{"key":"Identitätskennzeichen:","value":["AT 40138 EG"]},{"key":"Verbrauchen nach dem Öffnen:","value":["4 Tage"]},{"key":"Kontakt:","value":["Gmundner Molkerei","Theresienthalstraße 16, 4810 Gmunden am Traunsee, Österreich"]}],"nutritions":[{"key":"","value":"Unzubereitet"},{"key":" ","value":"100 g"},{"key":"Energie","value":"818 kJ | 197 kcal"},{"key":"Fett","value":"16 g"},{"key":"Fett, davon gesättigte Fettsäuren","value":"10 g"},{"key":"Kohlenhydrate","value":"4,6 g"},{"key":"Kohlenhydrate, davon Zucker","value":"3,7 g"},{"key":"Eiweiß","value":"8,4 g"},{"key":"Salz","value":"1,3 g"}],"tags":[]},
    {"url":"https://www.interspar.at/shop/lebensmittel/p/8184894","data":[{"key":"price","value":"0,55 €"},{"key":"oldPrice","value":"\n\t\t\t\t\t\n\t\t\t\t\t \n\t\t\t\t"},{"key":"pricePerUnit","value":"(2.20 €/l)"},{"key":"productDetailsName","value":"NÖM - Kakaomilch 1,5 % Fett - 250 ML"},{"key":"detailsDescription","value":"250 ML"},{"key":"articleNumber","value":"Artikelnummer: 8184894"},{"key":"Lagerhinweis:","value":["Gekühlt (+ 3-9 °C) lagern und nach dem Öffnen innerhalb von 1-2 Tagen verbrauchen."]},{"key":"Zutaten:","value":["Zutaten: Teilentrahmte gentechnikfreie* MILCH mit 1,5% Fett, Zucker, 1,2% Magerkakaopulver, Stabilisator: Carrageen, Speisesalz, Aroma. *laut Definition des Österreichischen Lebensmittelcodex für gentechnikfreie Produktion; Kontrolle durch agroVet GmbH. In Großbuchstaben angegebene Zutaten enthalten allergene Inhaltsstoffe."]},{"key":"Allergene:","value":["Enthält:Milch und daraus gewonnene Erzeugnisse (inkl. Laktose)"]},{"key":"Identitätskennzeichen:","value":["AT 30960 EG"]},{"key":"Verbrauchen nach dem Öffnen:","value":["1 Tage"]},{"key":"Kontakt:","value":["NÖM AG","Vöslauer Straße 109, 2500 Baden, Österreich","0800 800 500"]}],"nutritions":[{"key":"","value":"Unzubereitet"},{"key":" ","value":"100 ml"},{"key":"Energie","value":"287 kJ | 68 kcal | 3 %"},{"key":"Fett","value":"1,5 g | 2 %"},{"key":"Fett, davon gesättigte Fettsäuren","value":"0,9 g | 5 %"},{"key":"Kohlenhydrate","value":"10 g | 4 %"},{"key":"Kohlenhydrate, davon Zucker","value":"10 g | 11 %"},{"key":"Eiweiß","value":"3,6 g | 7 %"},{"key":"Salz","value":"0,1 g | 2 %"},{"key":"Kalzium","value":"112 mg | 14 %"}],"tags":[]},
    {"url":"https://www.interspar.at/shop/lebensmittel/p/8212504","data":[{"key":"price","value":"0,89 €"},{"key":"oldPrice","value":"\n\t\t\t\t\t\n\t\t\t\t\t \n\t\t\t\t"},{"key":"pricePerUnit","value":"(1.98 €/kg)"},{"key":"productDetailsName","value":"NÖM To Go - Bananenmilch - 450 G"},{"key":"detailsDescription","value":"450 G"},{"key":"articleNumber","value":"Artikelnummer: 8212504"},{"key":"Lagerhinweis:","value":["Ungekühlt haltbar. Nach dem Öffnen gekühlt lagern und innerhalb von 1-2 Tagen verbrauchen."]},{"key":"Zutaten:","value":["Zutaten: 86% teilentrahmte gentechnikfreie MILCH***, Dextrose, Wasser, Zucker, 0,5% Bananenmark, modifizierte Stärke (Mais), Vitamin E, Vitamin B1, Vitamin B2, Vitamin B6, Aroma. ***laut Definition des Österreichischen Lebensmittelcodex für gentechnikfreie Produktion; Kontrolle durch agroVet GmbH. In Großbuchstaben angegebene Zutaten enthalten allergene Inhaltstoffe."]},{"key":"Allergene:","value":["Enthält:Milch und daraus gewonnene Erzeugnisse (inkl. Laktose)"]},{"key":"Identitätskennzeichen:","value":["AT 30960 EG"]},{"key":"Verbrauchen nach dem Öffnen:","value":["1 Tage"]},{"key":"Kontakt:","value":["NÖM AG","Vöslauer Straße 109, 2500 Baden, Österreich","0800 800 500"]}],"nutritions":[{"key":"","value":"Unzubereitet"},{"key":" ","value":"100 g"},{"key":"Energie","value":"303 kJ | 71 kcal | 4 %"},{"key":"Fett","value":"1,2 g | 2 %"},{"key":"Fett, davon gesättigte Fettsäuren","value":"0,7 g | 4 %"},{"key":"Kohlenhydrate","value":"12,2 g | 5 %"},{"key":"Kohlenhydrate, davon Zucker","value":"12 g | 13 %"},{"key":"Eiweiß","value":"2,9 g | 6 %"},{"key":"Salz","value":"0,1 g | 2 %"},{"key":"Vitamin E","value":"2,9 mg | 24 %"},{"key":"Vitamin B 1, Thiamin","value":"0,23 mg | 21 %"},{"key":"Vitamin B 2, Riboflavin","value":"0,35 mg | 25 %"},{"key":"Vitamin B 6, Pyridoxin","value":"0,28 mg | 20 %"}],"tags":[]},
    {"url":"https://www.interspar.at/shop/lebensmittel/p/8212566","data":[{"key":"price","value":"0,89 €"},{"key":"oldPrice","value":"\n\t\t\t\t\t\n\t\t\t\t\t \n\t\t\t\t"},{"key":"pricePerUnit","value":"(1.98 €/kg)"},{"key":"productDetailsName","value":"NÖM To Go - Erdbeermilch - 450 G"},{"key":"detailsDescription","value":"450 G"},{"key":"articleNumber","value":"Artikelnummer: 8212566"},{"key":"Lagerhinweis:","value":["Ungekühlt haltbar. Nach dem Öffnen gekühlt lagern und innerhalb von 1-2 Tagen verbrauchen."]},{"key":"Zutaten:","value":["Zutaten: 87% teilentrahmte gentechnikfreie MILCH***, Wasser, Dextrose, Zucker, 0,3% Erdbeersaft aus Konzentrat, modifizierte Stärke (Mais), Vitamin E, Vitamin B1, Vitamin B2, Vitamin B6, färbendes Frucht- und Pflanzenkonzentrat (Rote Beete), Aroma.***laut Definition des Österreichischen Lebensmittelcodex für gentechnikfreie Produktion; Kontrolle durch agroVet GmbH. In Großbuchstaben angegebene Zutaten enthalten allergene Inhaltstoffe."]},{"key":"Allergene:","value":["Enthält:Milch und daraus gewonnene Erzeugnisse (inkl. Laktose)"]},{"key":"Identitätskennzeichen:","value":["AT 30960 EG"]},{"key":"Verbrauchen nach dem Öffnen:","value":["1 Tage"]},{"key":"Kontakt:","value":["NÖM AG","Vöslauer Straße 109, 2500 Baden, Österreich","0800 800 500"]}],"nutritions":[{"key":"","value":"Unzubereitet"},{"key":" ","value":"100 g"},{"key":"Energie","value":"290 kJ | 69 kcal | 3 %"},{"key":"Fett","value":"1,3 g | 2 %"},{"key":"Fett, davon gesättigte Fettsäuren","value":"0,8 g | 4 %"},{"key":"Kohlenhydrate","value":"11,4 g | 4 %"},{"key":"Kohlenhydrate, davon Zucker","value":"11,2 g | 12 %"},{"key":"Eiweiß","value":"3 g | 6 %"},{"key":"Salz","value":"0,1 g | 2 %"},{"key":"Vitamin E","value":"2,9 mg | 24 %"},{"key":"Vitamin B 1, Thiamin","value":"0,23 mg | 21 %"},{"key":"Vitamin B 2, Riboflavin","value":"0,35 mg | 25 %"},{"key":"Vitamin B 6, Pyridoxin","value":"0,28 mg | 20 %"}],"tags":[]},
    {"url":"https://www.interspar.at/shop/lebensmittel/p/8212597","data":[{"key":"price","value":"0,89 €"},{"key":"oldPrice","value":"\n\t\t\t\t\t\n\t\t\t\t\t \n\t\t\t\t"},{"key":"pricePerUnit","value":"(1.98 €/kg)"},{"key":"productDetailsName","value":"NÖM To Go - Schokomilch - 450 G"},{"key":"detailsDescription","value":"450 G"},{"key":"articleNumber","value":"Artikelnummer: 8212597"},{"key":"Lagerhinweis:","value":["Ungekühlt haltbar. Nach dem Öffnen gekühlt lagern und innerhalb von 1-2 Tagen verbrauchen."]},{"key":"Zutaten:","value":["Zutaten: teilentrahmte gentechnikfreie MILCH***, 3,7% Schokoladenpulver (Zucker, Kakaopulver), Dextrose, LACTOSE, Zucker, modifizierte Stärke (Mais), Vitamin E, Vitamin B1, Vitamin B2, Vitamin B6, Stabilisator: Carrageen, Salz.***laut Definition des Österreichischen Lebensmittelcodex für gentechnikfreie Produktion; Kontrolle durch agroVet GmbH. In Großbuchstaben angegebene Zutaten enthalten allergene Inhaltstoffe."]},{"key":"Allergene:","value":["Enthält:Milch und daraus gewonnene Erzeugnisse (inkl. Laktose)"]},{"key":"Identitätskennzeichen:","value":["AT 30960 EG"]},{"key":"Verbrauchen nach dem Öffnen:","value":["1 Tage"]},{"key":"Kontakt:","value":["NÖM AG","Vöslauer Straße 109, 2500 Baden, Österreich","0800 800 500"]}],"nutritions":[{"key":"","value":"Unzubereitet"},{"key":" ","value":"100 g"},{"key":"Energie","value":"325 kJ | 77 kcal | 4 %"},{"key":"Fett","value":"1,6 g | 2 %"},{"key":"Fett, davon gesättigte Fettsäuren","value":"1 g | 5 %"},{"key":"Kohlenhydrate","value":"12,3 g | 5 %"},{"key":"Kohlenhydrate, davon Zucker","value":"11,8 g | 13 %"},{"key":"Eiweiß","value":"3,3 g | 7 %"},{"key":"Salz","value":"0,13 g | 2 %"},{"key":"Vitamin E","value":"2,9 mg | 24 %"},{"key":"Vitamin B 1, Thiamin","value":"0,23 mg | 21 %"},{"key":"Vitamin B 2, Riboflavin","value":"0,35 mg | 25 %"},{"key":"Vitamin B 6, Pyridoxin","value":"0,28 mg | 20 %"}],"tags":[]},
    {"url":"https://www.interspar.at/shop/lebensmittel/p/8212603","data":[{"key":"price","value":"0,89 €"},{"key":"oldPrice","value":"\n\t\t\t\t\t\n\t\t\t\t\t \n\t\t\t\t"},{"key":"pricePerUnit","value":"(1.98 €/kg)"},{"key":"productDetailsName","value":"NÖM To Go - Vanillemilch - 450 G"},{"key":"detailsDescription","value":"450 G"},{"key":"articleNumber","value":"Artikelnummer: 8212603"},{"key":"Lagerhinweis:","value":["Ungekühlt haltbar. Nach dem Öffnen gekühlt lagern und innerhalb von 1-2 Tagen verbrauchen."]},{"key":"Zutaten:","value":["Zutaten: teilentrahmte gentechnikfreie MILCH***, Zucker, Dextrose, LAKTOSE, modifizierte Stärke (Mais), Aroma, Vitamin E, Vitamin B1, Vitamin B2, Vitamin B6, Stabilisator: Carrageen, Farbstoff: Carotin. In Großbuchstaben angegebene Zutaten enthalten allergene Inhaltstoffe."]},{"key":"Allergene:","value":["Enthält:Milch und daraus gewonnene Erzeugnisse (inkl. Laktose)"]},{"key":"Identitätskennzeichen:","value":["AT 30960 EG"]},{"key":"Kontakt:","value":["NÖM AG","Vöslauer Straße 109, 2500 Baden, Österreich","0800 800 500"]}],"nutritions":[{"key":"","value":"Unzubereitet"},{"key":" ","value":"100 g"},{"key":"Energie","value":"312 kJ | 74 kcal | 4 %"},{"key":"Fett","value":"1,3 g | 2 %"},{"key":"Fett, davon gesättigte Fettsäuren","value":"0,8 g | 4 %"},{"key":"Kohlenhydrate","value":"12,4 g | 5 %"},{"key":"Kohlenhydrate, davon Zucker","value":"11,8 g | 13 %"},{"key":"Eiweiß","value":"3,1 g | 6 %"},{"key":"Salz","value":"0,1 g | 2 %"},{"key":"Vitamin E","value":"2,9 mg | 24 %"},{"key":"Vitamin B 1, Thiamin","value":"0,23 mg | 21 %"},{"key":"Vitamin B 2, Riboflavin","value":"0,35 mg | 25 %"},{"key":"Vitamin B 6, Pyridoxin","value":"0,28 mg | 20 %"}],"tags":[]},
    {"url":"https://www.interspar.at/shop/lebensmittel/p/2695044","data":[{"key":"price","value":"3,09 €"},{"key":"oldPrice","value":"\n\t\t\t\t\t\n\t\t\t\t\t \n\t\t\t\t"},{"key":"pricePerUnit","value":"(12.36 €/kg)"},{"key":"productDetailsName","value":"SPAR - Bergbauern-Emmentaler aus Heumilch - 250 G"},{"key":"detailsDescription","value":"250 G"},{"key":"articleNumber","value":"Artikelnummer: 2695044"},{"key":"Lagerhinweis:","value":["Vor und nach dem Öffnen bei +2°C bis +6°C lagern. Nach dem Öffnen rasch verbrauchen."]},{"key":"Zutaten:","value":["Zutaten: ROHMILCH, Salz, Lab. In Großbuchstaben angegebene Zutaten enthalten allergene Inhaltsstoffe."]},{"key":"Allergene:","value":["Enthält:Milch und daraus gewonnene Erzeugnisse (inkl. Laktose)"]},{"key":"","value":["Laktosefrei"]},{"key":"Identitätskennzeichen:","value":["AT 50124 EG"]},{"key":"Ursprungsland/Herkunftsort:","value":["Qualität aus Österreich"]},{"key":"Kontakt:","value":["SPAR Österr. Warenhandels-AG","Europastraße 3, 5015 Salzburg, Österreich"]}],"nutritions":[{"key":" ","value":"100 g"},{"key":"","value":"Unzubereitet"},{"key":"Energie","value":"1603 kJ | 386 kcal"},{"key":"Fett","value":"30 g"},{"key":"Fett, davon gesättigte Fettsäuren","value":"21,9 g"},{"key":"Kohlenhydrate","value":"0 g"},{"key":"Kohlenhydrate, davon Zucker","value":"0 g"},{"key":"Ballaststoffe","value":"0 g"},{"key":"Eiweiß","value":"29 g"},{"key":"Salz","value":"0,6 g"},{"key":"Broteinheiten","value":"0 BE"}],"tags":["Gekühlt","Lactosefrei"]},
    {"url":"https://www.interspar.at/shop/lebensmittel/p/2020000839637","data":[{"key":"price","value":"3,19 €"},{"key":"oldPrice","value":"\n\t\t\t\t\t\n\t\t\t\t\t \n\t\t\t\t"},{"key":"pricePerUnit","value":"(15.95 €/kg)"},{"key":"productDetailsName","value":"SPAR PREMIUM - Gorgonzola G.U. Dolce - 200 G"},{"key":"detailsDescription","value":"200 G"},{"key":"articleNumber","value":"Artikelnummer: 2020000839637"},{"key":"Lagerhinweis:","value":["Vor und nach dem Öffnen gekühlt zwischen +2°C und +7°C lagern und nach dem Öffnen innerhalb von wenigen Tagen genießen."]},{"key":"Zutaten:","value":["Zutaten: Pasteurisierte KUHMILCH, Salz, tierisches Lab, Käsereikulturen. In Großbuchstaben angegebene Zutaten enthalten allergene Inhaltsstoffe."]},{"key":"Allergene:","value":["Enthält:Milch und daraus gewonnene Erzeugnisse (inkl. Laktose)"]},{"key":"Identitätskennzeichen:","value":["IT 01 698 CE"]},{"key":"Zusatztext:","value":["- ohne Rinde- mind. 50 Tage gereift"]},{"key":"Ursprungsland/Herkunftsort:","value":["aus Piemont/Italien"]},{"key":"Kontakt:","value":["SPAR Österr. Warenhandels-AG","Europastraße 3, 5015 Salzburg, Österreich"]}],"nutritions":[{"key":"","value":"Unzubereitet"},{"key":" ","value":"100 g"},{"key":"Energie","value":"1293 kJ | 309 kcal"},{"key":"Fett","value":"25 g"},{"key":"Fett, davon gesättigte Fettsäuren","value":"19 g"},{"key":"Kohlenhydrate","value":"< 0,1 g"},{"key":"Kohlenhydrate, davon Zucker","value":"< 0,1 g"},{"key":"Ballaststoffe","value":"0 g"},{"key":"Eiweiß","value":"21,2 g"},{"key":"Salz","value":"2,12 g"},{"key":"Broteinheiten","value":"0,1 BE"}],"tags":["Gekühlt"]},
    {"url":"https://www.interspar.at/shop/lebensmittel/p/1419283","data":[{"key":"price","value":"1,79 €"},{"key":"oldPrice","value":"\n\t\t\t\t\t\n\t\t\t\t\t \n\t\t\t\t"},{"key":"pricePerUnit","value":"(8.14 €/l)"},{"key":"productDetailsName","value":"Starbucks - Caramel Macchiato - 220 ML"},{"key":"detailsDescription","value":"220 ML"},{"key":"articleNumber","value":"Artikelnummer: 1419283"},{"key":"Lagerhinweis:","value":["Gekühlt aufbewahren bei 2-8°C."]},{"key":"Zutaten:","value":["Zutaten: 75% MILCH mit 1,8% Fettgehalt, Kaffeezubereitung (Wasser und Kaffee-Extrakt) 20%, Zucker 5%, Aroma, Säureregulator: Kaliumcarbonat, Stabilisatoren: Carrageen, Guarkernmehl, Emulgatoren: Mono- und Diglyceride von pflanzlichen Speisefettsäuren. In Großbuchstaben angegebene Zutaten enthalten allergene Inhaltsstoffe."]},{"key":"Allergene:","value":["Enthält:Milch und daraus gewonnene Erzeugnisse (inkl. Laktose)"]},{"key":"Identitätskennzeichen:","value":["DK M224EC"]},{"key":"Zusatztext:","value":["Kaffee und Zucker nach Fairtrade Standards gehandelt, Gesamtanteil 95%, ausgenommen flüssige Zutaten."]},{"key":"Kontakt:","value":["Lamercantile GmbH","Baumgasse 70, 1030 Wien, Österreich"]}],"nutritions":[{"key":" ","value":"100 g"},{"key":"","value":"Unzubereitet"},{"key":"Energie","value":"260 kJ | 62 kcal"},{"key":"Fett","value":"1,6 g"},{"key":"Fett, davon gesättigte Fettsäuren","value":"1 g"},{"key":"Kohlenhydrate","value":"9,1 g"},{"key":"Kohlenhydrate, davon Zucker","value":"9,1 g"},{"key":"Eiweiß","value":"2,8 g"},{"key":"Salz","value":"0,09 g"}],"tags":[]},
    {"url":"https://www.interspar.at/shop/lebensmittel/p/1422030","data":[{"key":"price","value":"1,79 €"},{"key":"oldPrice","value":"\n\t\t\t\t\t\n\t\t\t\t\t \n\t\t\t\t"},{"key":"pricePerUnit","value":"(8.14 €/l)"},{"key":"productDetailsName","value":"Starbucks - Caffè Latte - 220 ML"},{"key":"detailsDescription","value":"220 ML"},{"key":"articleNumber","value":"Artikelnummer: 1422030"},{"key":"Lagerhinweis:","value":["Gekühlt aufbewahren bei 2-8°C."]},{"key":"Zutaten:","value":["Zutaten: 75% MILCH mit 3,1% Fettgehalt, Kaffeezubereitung (Wasser und Kaffee-Extrakt) 20%, Zucker 5%, natürliches Kaffee Aroma, Säureregulator: Kaliumcarbonat, Stabilisatoren: Carrageen, Guarkernmehl, Emulgatoren: Mono- und Diglyceride von pflanzlichen Speisefettsäuren. In Großbuchstaben angegebene Zutaten enthalten allergene Inhaltsstoffe."]},{"key":"Allergene:","value":["Enthält:Milch und daraus gewonnene Erzeugnisse (inkl. Laktose)"]},{"key":"Identitätskennzeichen:","value":["DK M 224 EC"]},{"key":"Zusatztext:","value":["Kaffee und Zucker nach Fairtrade Standards gehandelt, Gesamtanteil 95%, ausgenommen flüssige Zutaten."]},{"key":"Kontakt:","value":["Lamercantile GmbH","Baumgasse 70, 1030 Wien, Österreich"]}],"nutritions":[{"key":"","value":"Unzubereitet"},{"key":" ","value":"100 g"},{"key":"Energie","value":"296 kJ | 70 kcal"},{"key":"Fett","value":"2,6 g"},{"key":"Fett, davon gesättigte Fettsäuren","value":"1,7 g"},{"key":"Kohlenhydrate","value":"9,1 g"},{"key":"Kohlenhydrate, davon Zucker","value":"9,1 g"},{"key":"Eiweiß","value":"2,8 g"},{"key":"Salz","value":"0,08 g"}],"tags":[]},
    {"url":"https://www.interspar.at/shop/lebensmittel/p/2020000397281","data":[{"key":"price","value":"1,49 €"},{"key":"oldPrice","value":"\n\t\t\t\t\t\n\t\t\t\t\t \n\t\t\t\t"},{"key":"pricePerUnit","value":"(5.96 €/kg)"},{"key":"productDetailsName","value":"NÖM fasten - Proteindrink Vanille - 250 G"},{"key":"detailsDescription","value":"250 G"},{"key":"articleNumber","value":"Artikelnummer: 2020000397281"},{"key":"Lagerhinweis:","value":["Ungekühlt haltbar. Nach dem Öffnen gekühlt (3 - 9°C) lagern und innerhalb von 1-2 Tagen verbrauchen."]},{"key":"Zutaten:","value":["Zutaten: MAGERMILCHKONZENTRAT, MAGERMILCHPULVER, Aroma, Süßstoff: Sucralose, Farbstoff: Carotin, In Großbuchstaben angegebene Zutaten enthalten allergene Inhaltstoffe."]},{"key":"Allergene:","value":["Enthält:Milch und daraus gewonnene Erzeugnisse (inkl. Laktose)"]},{"key":"Identitätskennzeichen:","value":["AT 30960 EG"]},{"key":"Zusatztext:","value":["Am besten gekühlt genießen."]},{"key":"Verbrauchen nach dem Öffnen:","value":["1 Tage"]},{"key":"Verwendungshinweis:","value":["Vor dem Öffnen gut schütteln."]},{"key":"Kontakt:","value":["NÖM AG","Vöslauer Straße 109, 2500 Baden, Österreich","www.noemfasten.at","0800/800 500"]}],"nutritions":[{"key":"","value":"Unzubereitet"},{"key":" ","value":"100 g"},{"key":"Energie","value":"272 kJ | 64 kcal"},{"key":"Fett","value":"0,1 g"},{"key":"Fett, davon gesättigte Fettsäuren","value":"0,1 g"},{"key":"Kohlenhydrate","value":"5,7 g"},{"key":"Kohlenhydrate, davon Zucker","value":"5,6 g"},{"key":"Eiweiß","value":"10 g"},{"key":"Salz","value":"0,2 g"},{"key":"","value":"Unzubereitet"},{"key":" ","value":"Portion (250 g)"},{"key":"Energie","value":"680 kJ | 160 kcal | 8 %"},{"key":"Fett","value":"0,3 g | 1 %"},{"key":"Fett, davon gesättigte Fettsäuren","value":"0,3 g | 2 %"},{"key":"Kohlenhydrate","value":"14,3 g | 6 %"},{"key":"Kohlenhydrate, davon Zucker","value":"14 g | 16 %"},{"key":"Eiweiß","value":"25 g | 50 %"},{"key":"Salz","value":"0,5 g | 8 %"}],"tags":[]},
    {"url":"https://www.interspar.at/shop/lebensmittel/p/2020000595519","data":[{"key":"price","value":"1,25 €"},{"key":"oldPrice","value":"\n\t\t\t\t\t\n\t\t\t\t\t \n\t\t\t\t"},{"key":"pricePerUnit","value":"(2.78 €/l)"},{"key":"productDetailsName","value":"SPAR enjoy - Cappuccino Grande - 450 ML"},{"key":"detailsDescription","value":"450 ML"},{"key":"articleNumber","value":"Artikelnummer: 2020000595519"},{"key":"Lagerhinweis:","value":["Vor und nach dem Öffnen gekühlt lagern. Nach dem Öffnen rasch genießen."]},{"key":"Zutaten:","value":["Zutaten: VOLLMILCH 42%, MAGERMILCH 33%, Wasser, Zucker, Kaffee-Extrakt* 0,9%, Maisstärke, Karamellzuckersirup, Aroma, Kakaopulver, Koffein, Stabilisatoren: Carrageen, Guarkernmehl; Speisesalz, Säureregulatoren: Natriumphosphate, Natriumcitrate, Polyphosphate. *100% Arabica. In Großbuchstaben angegebene Zutaten enthalten allergene Inhaltsstoffe."]},{"key":"Allergene:","value":["Enthält:Milch und daraus gewonnene Erzeugnisse (inkl. Laktose)"]},{"key":"Identitätskennzeichen:","value":["AT 30960 EG"]},{"key":"Ursprungsland/Herkunftsort:","value":["Sorgfältig hergestellt in Österreich"]},{"key":"Kontakt:","value":["SPAR Österr. Warenhandels-AG","Europastraße 3, 5015 Salzburg, Österreich"]}],"nutritions":[{"key":"","value":"Unzubereitet"},{"key":" ","value":"100 ml"},{"key":"Energie","value":"271 kJ | 64 kcal"},{"key":"Fett","value":"1,5 g"},{"key":"Fett, davon gesättigte Fettsäuren","value":"0,9 g"},{"key":"Kohlenhydrate","value":"10 g"},{"key":"Kohlenhydrate, davon Zucker","value":"8,9 g"},{"key":"Ballaststoffe","value":"0,2 g"},{"key":"Eiweiß","value":"2,7 g"},{"key":"Salz","value":"0,12 g"},{"key":"Broteinheiten","value":"0,8 BE"}],"tags":[]},
    {"url":"https://www.interspar.at/shop/lebensmittel/p/2020000619321","data":[{"key":"price","value":"1,19 €"},{"key":"oldPrice","value":"\n\t\t\t\t\t\n\t\t\t\t\t \n\t\t\t\t"},{"key":"pricePerUnit","value":"(1.19 €/l)"},{"key":"productDetailsName","value":"Schärdinger Formil - H-Milch 1,5% laktosefrei - 1 L"},{"key":"detailsDescription","value":"1 L"},{"key":"articleNumber","value":"Artikelnummer: 2020000619321"},{"key":"Lagerhinweis:","value":["Ungeöffnete Packungen sind ungekühlt lagerfähig. Nach dem Öffnen gekühlt lagern und innerhalb von wenigen Tagen verbrauchen."]},{"key":"Zutaten:","value":["Zutaten: Laktosefreie haltbare fettarme MILCH mit 1,5 % Fett, ultrahocherhitzt, In Großbuchstaben angegebene Zutaten enthalten allergene Inhaltstoffe."]},{"key":"Allergene:","value":["Enthält:Milch und daraus gewonnene Erzeugnisse (inkl. Laktose)"]},{"key":"","value":["Laktosefrei"]},{"key":"Identitätskennzeichen:","value":["AT 30751 EG"]},{"key":"Kontakt:","value":["Berglandmilch eGen","Schubertstraße 30, 4600 Wels, Österreich"]}],"nutritions":[{"key":"","value":"Unzubereitet"},{"key":" ","value":"100 ml"},{"key":"Energie","value":"197 kJ | 47 kcal"},{"key":"Fett","value":"1,5 g"},{"key":"Fett, davon gesättigte Fettsäuren","value":"0,9 g"},{"key":"Kohlenhydrate","value":"4,8 g"},{"key":"Kohlenhydrate, davon Zucker","value":"4,8 g"},{"key":"Eiweiß","value":"3,4 g"},{"key":"Salz","value":"0,13 g"}],"tags":["Lactosefrei"]},
    {"url":"https://www.interspar.at/shop/lebensmittel/p/2020000780663","data":[{"key":"price","value":"1,39 €"},{"key":"oldPrice","value":"\n\t\t\t\t\t\n\t\t\t\t\t \n\t\t\t\t"},{"key":"pricePerUnit","value":"(6.18 €/kg)"},{"key":"productDetailsName","value":"Müsli Pause Mit Schoko Müsli -  - 225 G"},{"key":"detailsDescription","value":"225 G"},{"key":"articleNumber","value":"Artikelnummer: 2020000780663"},{"key":"Lagerhinweis:","value":["Ungeöffnet dunkel und kühl  (zwischen 2°-8°C) lagern."]},{"key":"Zutaten:","value":["Zutaten: VOLLMILCH, Schokomüsli (HAFERFLOCKEN, 25% VOLLMILCHSCHOKOLADE (Zucker, Kakaomasse, VOLLMILCHPULVER, Kakaobutter, Emulgator: Sonnenblumenlecithine), 10% kakaohaltiges Getreideextrudat (WEIZENMEHL, WEIZENVOLLKORNMEHL, Zucker, 7% Kakaopulver, GERSTENMALZMEHL, Speisesalz), Zucker, 1,5% HASELNUSSKROKANT (HASELNÜSSE, Zucker, Honig), 1% fettarmes Kakaopulver. In Großbuchstaben angegebene Zutaten enthalten allergene Inhaltstoffe."]},{"key":"Allergene:","value":["Kann Spuren von anderen Schalenfrüchten, Soja und Sesam enthalten.","Kann Spuren enthalten von:Sesamsamen und daraus gewonnene Erzeugnisse, Sojabohnen und daraus gewonnene Erzeugnisse","Enthält:Glutenhaltiges Getreide und daraus hergestellte Erzeugnisse, Milch und daraus gewonnene Erzeugnisse (inkl. Laktose), Schalenfrüchte und daraus gewonnene Erzeugnisse"]},{"key":"Identitätskennzeichen:","value":["DE BY 77723EG"]},{"key":"Kontakt:","value":["Molkerei Gropper GmbH & C0. KG","Am Mühlberg 2, 86657 Bissingen, Deutschland"]}],"nutritions":[{"key":"","value":"Zubereitet"},{"key":" ","value":"100 g"},{"key":"Energie","value":"732 kJ | 174 kcal"},{"key":"Fett","value":"6,4 g"},{"key":"Fett, davon gesättigte Fettsäuren","value":"3,3 g"},{"key":"Kohlenhydrate","value":"21,9 g"},{"key":"Kohlenhydrate, davon Zucker","value":"8,9 g"},{"key":"Ballaststoffe","value":"2,6 g"},{"key":"Eiweiß","value":"6 g"},{"key":"Salz","value":"0,13 g"}],"tags":[]},
    {"url":"https://www.interspar.at/shop/lebensmittel/p/2020000781684","data":[{"key":"price","value":"1,39 €"},{"key":"oldPrice","value":"\n\t\t\t\t\t\n\t\t\t\t\t \n\t\t\t\t"},{"key":"pricePerUnit","value":"(6.32 €/kg)"},{"key":"productDetailsName","value":"Müsli Pause Mit Knusper Müsli -  - 220 G"},{"key":"detailsDescription","value":"220 G"},{"key":"articleNumber","value":"Artikelnummer: 2020000781684"},{"key":"Lagerhinweis:","value":["Ungeöffnet dunkel und kühl  (zwischen 2°-8°C) lagern."]},{"key":"Zutaten:","value":["Zutaten: VOLLMILCH, Knuspermüsli (HAFERFLOCKEN, Cornflakes (Maismehl, Speisesalz), weiße Schokolade (Zucker, Kakaobutter, VOLLMILCHPULVER, Emulgator: Sonnenblumenlecithine), Zucker, Reisextrudat (Reismehl, GERSTENMALZMEHL, Zucker, Speisesalz), Palmfett, Glukosesirup, Kokosraspel, Erdbeeren getrocknet (mit Sonnenblumenöl), Speisesalz). In Großbuchstaben angegebene Zutaten enthalten allergene Inhaltstoffe."]},{"key":"Allergene:","value":["Kann Spuren enthalten von:Eier und daraus gewonnene Erzeugnisse, Schalenfrüchte und daraus gewonnene Erzeugnisse, Sesamsamen und daraus gewonnene Erzeugnisse, Sojabohnen und daraus gewonnene Erzeugnisse","Enthält:Glutenhaltiges Getreide und daraus hergestellte Erzeugnisse, Milch und daraus gewonnene Erzeugnisse (inkl. Laktose)"]},{"key":"Identitätskennzeichen:","value":["DE BY 77723 EG"]},{"key":"Kontakt:","value":["Molkerei Gropper GmbH & Co. KG","Am Mühlberg 2, 86657 Bissingen, Deutschland"]}],"nutritions":[{"key":"","value":"Zubereitet"},{"key":" ","value":"100 g"},{"key":"Energie","value":"715 kJ | 171 kcal"},{"key":"Fett","value":"6,5 g"},{"key":"Fett, davon gesättigte Fettsäuren","value":"3,6 g"},{"key":"Kohlenhydrate","value":"21,6 g"},{"key":"Kohlenhydrate, davon Zucker","value":"8,7 g"},{"key":"Ballaststoffe","value":"2,2 g"},{"key":"Eiweiß","value":"5,3 g"},{"key":"Salz","value":"0,2 g"}],"tags":[]},
    {"url":"https://www.interspar.at/shop/lebensmittel/p/2020000864264","data":[{"key":"price","value":"1,59 €"},{"key":"oldPrice","value":"\n\t\t\t\t\t\n\t\t\t\t\t \n\t\t\t\t"},{"key":"pricePerUnit","value":"(6.91 €/l)"},{"key":"productDetailsName","value":"Emmi - Caffè Latte Strong Macchiato - 230 ML"},{"key":"detailsDescription","value":"230 ML"},{"key":"articleNumber","value":"Artikelnummer: 2020000864264"},{"key":"Lagerhinweis:","value":["Kühl (max. +8°C) lagern."]},{"key":"Zutaten:","value":["Zutaten: 82% MILCH laktosefrei, 18% frisch gebrühter Arabica-Kaffee, Stabilisator (E339), Verdickungsmittel Carrageen. Koffeingehalt: 177mg pro Becher. Restlaktosegehalt: <0,01g/100ml. In Großbuchstaben angegebene Zutaten enthalten allergene Inhaltsstoffe."]},{"key":"Allergene:","value":["Enthält:Milch und daraus gewonnene Erzeugnisse (inkl. Laktose)"]},{"key":"","value":["Laktosefrei"]},{"key":"Ursprungsland/Herkunftsort:","value":["Schweiz"]},{"key":"Kontakt:","value":["Emmi Deutschland GmbH","Im Teelbruch 122, 45219 Essen, Deutschland"]}],"nutritions":[{"key":"","value":"Unzubereitet"},{"key":" ","value":"100 ml"},{"key":"Energie","value":"190 kJ | 46 kcal"},{"key":"Fett","value":"2 g"},{"key":"Fett, davon gesättigte Fettsäuren","value":"1,2 g"},{"key":"Kohlenhydrate","value":"4 g"},{"key":"Kohlenhydrate, davon Zucker","value":"4 g"},{"key":"Eiweiß","value":"3 g"},{"key":"Salz","value":"0,15 g"}],"tags":["Lactosefrei"]},
    {"url":"https://www.interspar.at/shop/lebensmittel/p/2020001470334","data":[{"key":"price","value":"1,79 €"},{"key":"oldPrice","value":"\n\t\t\t\t\t\n\t\t\t\t\t \n\t\t\t\t"},{"key":"pricePerUnit","value":"(8.14 €/l)"},{"key":"productDetailsName","value":"Starbucks - White Chocolate Mocha - 220 ML"},{"key":"detailsDescription","value":"220 ML"},{"key":"articleNumber","value":"Artikelnummer: 2020001470334"},{"key":"Lagerhinweis:","value":["Gekühlt aufbewahren bei 2-8°C lagern."]},{"key":"Zutaten:","value":["Zutaten: MILCH 75%, Kaffeezubereitung (Wasser und Kaffee-Extrakt) 18%, Zucker 6%, natürliches Aroma, Säureregulator: Kaliumcarbonat, Stabilisatoren: Carrageen, Guarkernmehl, Emulgatoren: Mono- und Diglyceride von Speisefettsäuren. Kaffee und Zucker nach Fairtrade-Standards gehandelt, Gesamtanteil 96%, ausgenommen flüssige Zutaten. In Großbuchstaben angegebene Zutaten enthalten allergene Inhaltstoffe."]},{"key":"Allergene:","value":["Enthält:Milch und daraus gewonnene Erzeugnisse (inkl. Laktose)"]},{"key":"","value":["Glutenfrei"]},{"key":"Identitätskennzeichen:","value":["DK M 224 EC"]},{"key":"Kontakt:","value":["Lamercantile GmbH","Baumgasse 70, 1030 Wien, Österreich"]}],"nutritions":[{"key":"","value":"Unzubereitet"},{"key":" ","value":"100 g"},{"key":"Energie","value":"285 kJ | 68 kcal"},{"key":"Fett","value":"1,7 g"},{"key":"Fett, davon gesättigte Fettsäuren","value":"1,1 g"},{"key":"Kohlenhydrate","value":"10 g"},{"key":"Kohlenhydrate, davon Zucker","value":"10 g"},{"key":"Eiweiß","value":"2,8 g"},{"key":"Salz","value":"0,09 g"}],"tags":["Glutenfrei"]},
    {"url":"https://www.interspar.at/shop/lebensmittel/p/2020001806331","data":[{"key":"price","value":"1,79 €"},{"key":"oldPrice","value":"\n\t\t\t\t\t\n\t\t\t\t\t \n\t\t\t\t"},{"key":"pricePerUnit","value":"(8.14 €/l)"},{"key":"productDetailsName","value":"Starbucks - Skinny Latte - 220 ML"},{"key":"detailsDescription","value":"220 ML"},{"key":"articleNumber","value":"Artikelnummer: 2020001806331"},{"key":"Lagerhinweis:","value":["Gekühlt bei +8°C lagern."]},{"key":"Zutaten:","value":["Zutaten: TRINKMILCH mit 1,1% Fett (75%), Kaffeezubereitung (Wasser, Kaffee-Extrakt) (24,8%), Säureregulator: Kaliumcarbonat, Stabilisatoren: Carrageen, Gellan; Süßungsmittel: Acesulfam-K, Laktase. In Großbuchstaben angegebene Zutaten enthalten allergene Inhaltsstoffe."]},{"key":"Allergene:","value":["Enthält:Milch und daraus gewonnene Erzeugnisse (inkl. Laktose)"]},{"key":"Identitätskennzeichen:","value":["DK M 224 EC"]},{"key":"Kontakt:","value":["Arla Foods Amba","Sønderhøj 14, 8260 Viby J, Dänemark"]}],"nutritions":[{"key":"","value":"Unzubereitet"},{"key":" ","value":"100 g"},{"key":"Energie","value":"149 kJ | 35 kcal"},{"key":"Fett","value":"0,9 g"},{"key":"Fett, davon gesättigte Fettsäuren","value":"0,6 g"},{"key":"Kohlenhydrate","value":"4 g"},{"key":"Kohlenhydrate, davon Zucker","value":"3,7 g"},{"key":"Eiweiß","value":"2,8 g"},{"key":"Salz","value":"0,09 g"}],"tags":["Lactosefrei"]},
    {"url":"https://www.interspar.at/shop/lebensmittel/p/2858944","data":[{"key":"price","value":"1,79 €"},{"key":"oldPrice","value":"\n\t\t\t\t\t\n\t\t\t\t\t \n\t\t\t\t"},{"key":"pricePerUnit","value":"(14.32 €/kg)"},{"key":"productDetailsName","value":"Meggle - Kräuter-Butter - 125 G"},{"key":"detailsDescription","value":"125 G"},{"key":"articleNumber","value":"Artikelnummer: 2858944"},{"key":"Lagerhinweis:","value":["Gekühlt bei max. +8°C lagern."]},{"key":"Zutaten:","value":["Zutaten: BUTTER, Zwiebeln, Petersilie 6%, Knoblauch 3%, Salz, BUTTERMILCH, Kräuter, Gewürze, Stärke, Zitronensaft aus Konzentrat, natürliches Knoblaucharoma. In Großbuchstaben angegebene Zutaten enthalten allergene Inhaltsstoffe."]},{"key":"Allergene:","value":["Enthält:Milch und daraus gewonnene Erzeugnisse (inkl. Laktose)"]},{"key":"Identitätskennzeichen:","value":["DE BY 111 EG"]},{"key":"Kontakt:","value":["Meggle","Megglestraße 6–12, 83512 Wasserburg, Deutschland"]}],"nutritions":[{"key":"","value":"Unzubereitet"},{"key":" ","value":"100 g"},{"key":"Energie","value":"2377 kJ | 578 kcal"},{"key":"Fett","value":"62 g"},{"key":"Fett, davon gesättigte Fettsäuren","value":"40 g"},{"key":"Kohlenhydrate","value":"3,3 g"},{"key":"Kohlenhydrate, davon Zucker","value":"2,4 g"},{"key":"Ballaststoffe","value":"0,6 g"},{"key":"Eiweiß","value":"1,2 g"},{"key":"Salz","value":"2,1 g"}],"tags":[]},
    {"url":"https://www.interspar.at/shop/lebensmittel/p/2858951","data":[{"key":"price","value":"1,79 €"},{"key":"oldPrice","value":"\n\t\t\t\t\t\n\t\t\t\t\t \n\t\t\t\t"},{"key":"pricePerUnit","value":"(14.32 €/kg)"},{"key":"productDetailsName","value":"Meggle - Knoblauch-Butter - 125 G"},{"key":"detailsDescription","value":"125 G"},{"key":"articleNumber","value":"Artikelnummer: 2858951"},{"key":"Lagerhinweis:","value":["Gekühlt bei max. +8°C."]},{"key":"Zutaten:","value":["Zutaten: BUTTER, BUTTERMILCH, Knoblauch 7%, Gewürze, Salz, Stärke (Kartoffel, Tapioka), Zitronensaft aus Konzentrat, natürliches Knoblaucharoma. In Großbuchstaben angegebene Zutaten enthalten allergene Inhaltsstoffe."]},{"key":"Allergene:","value":["Enthält:Milch und daraus gewonnene Erzeugnisse (inkl. Laktose)"]},{"key":"Identitätskennzeichen:","value":["DE BY 111 EG"]},{"key":"Kontakt:","value":["Meggle","Megglestraße 6–12, 83512 Wasserburg, Deutschland"]}],"nutritions":[{"key":"","value":"Unzubereitet"},{"key":" ","value":"100 g"},{"key":"Energie","value":"2379 kJ | 578 kcal"},{"key":"Fett","value":"62 g"},{"key":"Fett, davon gesättigte Fettsäuren","value":"41 g"},{"key":"Kohlenhydrate","value":"3,7 g"},{"key":"Kohlenhydrate, davon Zucker","value":"1,7 g"},{"key":"Ballaststoffe","value":"0,5 g"},{"key":"Eiweiß","value":"1,2 g"},{"key":"Salz","value":"2 g"}],"tags":[]},
    {"url":"https://www.interspar.at/shop/lebensmittel/p/6448035","data":[{"key":"price","value":"1,65 €"},{"key":"oldPrice","value":"\n\t\t\t\t\t\n\t\t\t\t\t \n\t\t\t\t"},{"key":"pricePerUnit","value":"(20.63 €/l)"},{"key":"productDetailsName","value":"Meggle - Kräuter-Tube - 80 ML"},{"key":"detailsDescription","value":"80 ML"},{"key":"articleNumber","value":"Artikelnummer: 6448035"},{"key":"Lagerhinweis:","value":["Gekühlt bei max. +8°C lagern."]},{"key":"Zutaten:","value":["Zutaten: BUTTER 30%, Rapsöl 26%, Zwiebeln, BUTTERMILCH, Sonnenblumenöl, Petersilie 6%, Knoblauch 3%, Palmöl, Salz, Stärke (Kartoffel, Tapioka), Gewürze, Kräuter, Zitronensaft aus Konzentrat, natürliches Knoblaucharoma. In Großbuchstaben angegebene Zutaten enthalten allergene Inhaltsstoffe."]},{"key":"Allergene:","value":["Enthält:Milch und daraus gewonnene Erzeugnisse (inkl. Laktose)"]},{"key":"Identitätskennzeichen:","value":["DE BY 111 EG"]},{"key":"Kontakt:","value":["Meggle","Megglestraße 6–12, 83512 Wasserburg, Deutschland"]}],"nutritions":[{"key":"","value":"Unzubereitet"},{"key":" ","value":"100 g"},{"key":"Energie","value":"2373 kJ | 577 kcal"},{"key":"Fett","value":"62 g"},{"key":"Fett, davon gesättigte Fettsäuren","value":"23 g"},{"key":"Kohlenhydrate","value":"3,3 g"},{"key":"Kohlenhydrate, davon Zucker","value":"1,5 g"},{"key":"Ballaststoffe","value":"0,6 g"},{"key":"Eiweiß","value":"1 g"},{"key":"Salz","value":"2 g"}],"tags":[]},
    {"url":"https://www.interspar.at/shop/lebensmittel/p/8200921","data":[{"key":"price","value":"1,29 €"},{"key":"oldPrice","value":"\n\t\t\t\t\t\n\t\t\t\t\t \n\t\t\t\t"},{"key":"pricePerUnit","value":"(5.49 €/l)"},{"key":"productDetailsName","value":"Maresi - Eis Café cappuccino cream - 235 ML"},{"key":"detailsDescription","value":"235 ML"},{"key":"articleNumber","value":"Artikelnummer: 8200921"},{"key":"Lagerhinweis:","value":["Gekühlt lagern (+6 bis +9°C)"]},{"key":"Zutaten:","value":["Zutaten: MAGERMILCH (74%), Kaffee (15%; aus löslichem Arabica-Kaffee), OBERS (7%), Zucker, Kakaopulver, Säureregulator: Trinatriumphosphat, Verdickungsmittel: Carrageen, Guarkernmehl; Aroma. In Großbuchstaben angegebene Zutaten enthalten allergene Inhaltstoffe."]},{"key":"Allergene:","value":["Enthält:Milch und daraus gewonnene Erzeugnisse (inkl. Laktose)"]},{"key":"Identitätskennzeichen:","value":["AT 60212 EG"]},{"key":"Kontakt:","value":["Maresi Austria GmbH","Meytensgasse 27, 1130 Wien, Österreich","0800/216411"]}],"nutritions":[{"key":"","value":"Unzubereitet"},{"key":" ","value":"100 ml"},{"key":"Energie","value":"300 kJ | 71 kcal"},{"key":"Fett","value":"2,5 g"},{"key":"Fett, davon gesättigte Fettsäuren","value":"1,6 g"},{"key":"Kohlenhydrate","value":"9 g"},{"key":"Kohlenhydrate, davon Zucker","value":"8,9 g"},{"key":"Eiweiß","value":"3 g"},{"key":"Salz","value":"0,19 g"}],"tags":[]},
    {"url":"https://www.interspar.at/shop/lebensmittel/p/8200952","data":[{"key":"price","value":"1,29 €"},{"key":"oldPrice","value":"\n\t\t\t\t\t\n\t\t\t\t\t \n\t\t\t\t"},{"key":"pricePerUnit","value":"(5.49 €/l)"},{"key":"productDetailsName","value":"Maresi - Eis Café classic cream - 235 ML"},{"key":"detailsDescription","value":"235 ML"},{"key":"articleNumber","value":"Artikelnummer: 8200952"},{"key":"Lagerhinweis:","value":["Gekühlt lagern (+6 bis +9°C)"]},{"key":"Zutaten:","value":["Zutaten: MAGERMILCH (65%), Kaffee (17%; aus löslichem Arabica-Kaffee), OBERS (12%), Zucker, Säureregulator: Trinatriumphosphat, Verdickungsmittel: Carrageen, Aroma. In Großbuchstaben angegebene Zutaten enthalten allergene Inhaltstoffe."]},{"key":"Allergene:","value":["Enthält:Milch und daraus gewonnene Erzeugnisse (inkl. Laktose)"]},{"key":"Identitätskennzeichen:","value":["AT 60212 EG"]},{"key":"Kontakt:","value":["Maresi Austria GmbH","Meytensgasse 27, 1130 Wien, Österreich","0800/216411"]}],"nutritions":[{"key":"","value":"Unzubereitet"},{"key":" ","value":"100 ml"},{"key":"Energie","value":"383 kJ | 92 kcal"},{"key":"Fett","value":"4,7 g"},{"key":"Fett, davon gesättigte Fettsäuren","value":"3 g"},{"key":"Kohlenhydrate","value":"9,3 g"},{"key":"Kohlenhydrate, davon Zucker","value":"9,2 g"},{"key":"Eiweiß","value":"2,8 g"},{"key":"Salz","value":"0,23 g"}],"tags":[]},
    {"url":"https://www.interspar.at/shop/lebensmittel/p/2020001081134","data":[{"key":"price","value":"1,29 €"},{"key":"oldPrice","value":"\n\t\t\t\t\t\n\t\t\t\t\t \n\t\t\t\t"},{"key":"pricePerUnit","value":"(5.73 €/l)"},{"key":"productDetailsName","value":"Maresi - Eis Café delight - 225 ML"},{"key":"detailsDescription","value":"225 ML"},{"key":"articleNumber","value":"Artikelnummer: 2020001081134"},{"key":"Lagerhinweis:","value":["Gekühlt lagern bei +6 bis +9°C."]},{"key":"Zutaten:","value":["Zutaten: TEILENTRAHMTE KONZENTRIERTE MILCH (55%), MAGERMILCH (28%), Kaffee 16,4% (Wasser, löslicher Arabica-Kaffee), fettreduziertes Kakaopulver, Säureregulator: Natriumhydrogencarbonat, Verdickungsmittel: Carrageen; Aroma. In Großbuchstaben angegebenen Zutaten enthalten allergene Inhaltsstoffe."]},{"key":"Allergene:","value":["Enthält:Milch und daraus gewonnene Erzeugnisse (inkl. Laktose)"]},{"key":"","value":["Ohne Zuckerzusatz - Enthält von Natur aus Zucker"]},{"key":"Kontakt:","value":["Maresi Austria GmbH","Postfach 111, 1131 Wien, Österreich","0800/216411"]}],"nutritions":[{"key":"","value":"Unzubereitet"},{"key":" ","value":"100 ml"},{"key":"Energie","value":"276 kJ | 66 kcal"},{"key":"Fett","value":"3 g"},{"key":"Fett, davon gesättigte Fettsäuren","value":"1,8 g"},{"key":"Kohlenhydrate","value":"5,4 g"},{"key":"Kohlenhydrate, davon Zucker","value":"5,4 g"},{"key":"Eiweiß","value":"3,9 g"},{"key":"Salz","value":"0,16 g"}],"tags":["Lactosefrei"]},
    {"url":"https://www.interspar.at/shop/lebensmittel/p/2020001925667","data":[{"key":"price","value":"0,89 €"},{"key":"oldPrice","value":"\n\t\t\t\t\t\n\t\t\t\t\t \n\t\t\t\t"},{"key":"pricePerUnit","value":"(1.78 €/kg)"},{"key":"productDetailsName","value":"Schärdinger Meine Linie - Vanille Kurkuma Drink - 500 G"},{"key":"detailsDescription","value":"500 G"},{"key":"articleNumber","value":"Artikelnummer: 2020001925667"},{"key":"Lagerhinweis:","value":["Ungeöffnet, gekühlt bei max. +6°C lagern."]},{"key":"Zutaten:","value":["Zutaten: MILCH*, Zucker, MILCHEIWEISS, Stärke, Kurkuma, Vanilleextrakt, Zimt, Salz, extrahierte Vanillesamen. *Teilentrahmt, laktosefrei. In Großbuchstaben angegebene Zutaten enthalten allergene Inhaltsstoffe."]},{"key":"Allergene:","value":["Enthält:Milch und daraus gewonnene Erzeugnisse (inkl. Laktose)"]},{"key":"","value":["Laktosefrei","Niedriger Gehalt an Fett"]},{"key":"Identitätskennzeichen:","value":["AT 20141 EG"]},{"key":"Verwendungshinweis:","value":["Vor dem Genuss gut schütteln! Das Produkt kann sich absetzen, weil keine Zusatzstoffe enthalten sind."]},{"key":"Kontakt:","value":["Berglandmilch eGen","Schubertstraße 30, 4600 Wels, Österreich"]}],"nutritions":[{"key":"","value":"Unzubereitet"},{"key":" ","value":"100 ml"},{"key":"Energie","value":"248 kJ | 59 kcal"},{"key":"Fett","value":"1,5 g"},{"key":"Fett, davon gesättigte Fettsäuren","value":"1 g"},{"key":"Kohlenhydrate","value":"7,6 g"},{"key":"Kohlenhydrate, davon Zucker","value":"6,9 g"},{"key":"Ballaststoffe","value":"0 g"},{"key":"Eiweiß","value":"3,7 g"},{"key":"Salz","value":"0,15 g"}],"tags":["Lactosefrei"]},
    {"url":"https://www.interspar.at/shop/lebensmittel/p/7716492","data":[{"key":"price","value":"1,09 €"},{"key":"oldPrice","value":"\n\t\t\t\t\t\n\t\t\t\t\t \n\t\t\t\t"},{"key":"pricePerUnit","value":"(4.36 €/kg)"},{"key":"productDetailsName","value":"S-BUDGET - Toast-Käsescheiben 35% F.i.T. 10 Scheiben - 250 G"},{"key":"detailsDescription","value":"250 G"},{"key":"articleNumber","value":"Artikelnummer: 7716492"},{"key":"Lagerhinweis:","value":["Trocken lagern. Nach dem Öffnen alsbald verbrauchen."]},{"key":"Zutaten:","value":["Zutaten: 50% KÄSE, Wasser, MAGERMILCHPULVER, BUTTER, Schmelzsalze [Natriumcitrate, Natriumphosphate, Polyphosphate], SÜSSMOLKENPULVER, MILCHEIWEISS, Salz, Säuerungsmittel: Citronensäure. In Großbuchstaben angegebene Zutaten enthalten allergene Inhaltsstoffe."]},{"key":"Allergene:","value":["Enthält:Milch und daraus gewonnene Erzeugnisse (inkl. Laktose)"]},{"key":"Identitätskennzeichen:","value":["AT 50124 EG"]},{"key":"Ursprungsland/Herkunftsort:","value":["Sorgfältig hergestellt in Österreich"]},{"key":"Kontakt:","value":["SPAR Österr. Warenhandels-AG","Europastraße 3, 5015 Salzburg, Österreich"]}],"nutritions":[{"key":"","value":"Unzubereitet"},{"key":" ","value":"100 g"},{"key":"Energie","value":"1040 kJ | 250 kcal"},{"key":"Fett","value":"18 g"},{"key":"Fett, davon gesättigte Fettsäuren","value":"13,1 g"},{"key":"Kohlenhydrate","value":"5 g"},{"key":"Kohlenhydrate, davon Zucker","value":"5 g"},{"key":"Ballaststoffe","value":"0 g"},{"key":"Eiweiß","value":"17 g"},{"key":"Salz","value":"2,25 g"},{"key":"Broteinheiten","value":"0,4 BE"}],"tags":["Gekühlt","Glutenfrei","Lactosefrei"]},
    {"url":"https://www.interspar.at/shop/lebensmittel/p/2744926","data":[{"key":"price","value":"1,49 €"},{"key":"oldPrice","value":"\n\t\t\t\t\t\n\t\t\t\t\t \n\t\t\t\t"},{"key":"pricePerUnit","value":"(9.93 €/kg)"},{"key":"productDetailsName","value":"SPAR - Blue - 150 G"},{"key":"detailsDescription","value":"150 G"},{"key":"articleNumber","value":"Artikelnummer: 2744926"},{"key":"Lagerhinweis:","value":["Vor und nach dem Öffnen gekühlt lagern. Nach dem Öffnen innerhalb weniger Tage verbrauchen."]},{"key":"Zutaten:","value":["Zutaten: pasteurisierte MILCH, RAHM, Speisesalz, Milchsäurekulturen.In Großbuchstaben angegebene Zutaten enthalten allergene Inhaltsstoffe."]},{"key":"Allergene:","value":["Enthält:Milch und daraus gewonnene Erzeugnisse (inkl. Laktose)"]},{"key":"Identitätskennzeichen:","value":["DK M276 EEC"]},{"key":"Ursprungsland/Herkunftsort:","value":["Sorgfältig gekäst in Dänemark"]},{"key":"Kontakt:","value":["SPAR Österr. Warenhandels-AG","Europastraße 3, 5015 Salzburg, Österreich"]}],"nutritions":[{"key":" ","value":"100 g"},{"key":"","value":"Unzubereitet"},{"key":"Energie","value":"1788 kJ | 433 kcal"},{"key":"Fett","value":"42 g"},{"key":"Fett, davon gesättigte Fettsäuren","value":"27 g"},{"key":"Kohlenhydrate","value":"< 0,5 g"},{"key":"Kohlenhydrate, davon Zucker","value":"< 0,5 g"},{"key":"Ballaststoffe","value":"< 0,5 g"},{"key":"Eiweiß","value":"13 g"},{"key":"Salz","value":"1,5 g"},{"key":"Broteinheiten","value":"0 BE"}],"tags":["Glutenfrei","immer Billig"]},
    {"url":"https://www.interspar.at/shop/lebensmittel/p/5511334","data":[{"key":"price","value":"1,79 €"},{"key":"oldPrice","value":"\n\t\t\t\t\t\n\t\t\t\t\t \n\t\t\t\t"},{"key":"pricePerUnit","value":"(4.48 €/kg)"},{"key":"productDetailsName","value":"SPAR - Hefe-Pizzateig mit Olivenöl - 400 G"},{"key":"detailsDescription","value":"400 G"},{"key":"articleNumber","value":"Artikelnummer: 5511334"},{"key":"Lagerhinweis:","value":["Vor und nach dem Öffnen gekühlt (+2°C bis +7°C) und vor Licht geschützt aufbewahren. Nach dem Öffnen alsbald verbrauchen."]},{"key":"Zutaten:","value":["Zutaten: WEIZENMEHL, Wasser, Sonnenblumenöl, WEIZENSTÄRKE, Olivenöl (1,2%), Backtriebmittel: Dinatriumphosphat, Natriumhydrogencarbonat; Ethylalkohol, Speisesalz unjodiert, Emulgator: Mono- und Diglyceride von Speisefettsäuren, Säuerungsmittel: Citronensäure, Hefe, Antioxidationsmittel: Ascorbinsäure. In Großbuchstaben angegebene Zutaten enthalten allergene Inhaltsstoffe."]},{"key":"Allergene:","value":["Enthält:Glutenhaltiges Getreide und daraus hergestellte Erzeugnisse, Milch und daraus gewonnene Erzeugnisse (inkl. Laktose)"]},{"key":"","value":["einfach OHNE:ohne Aromastoffzusatzohne Konservierungsstoffelaktosefrei - <0,1%"]},{"key":"Zubereitung:","value":["BackenBackrohr vorheizen (Heißluft 200°C/ Ober- und Unterhitze 220°C), Packung öffnen und den Hefe-Pizzateig mit dem Backpapier auf dem Backblech ausrollen. Pizzateig mit Tomatensauce oder Sugo bestreichen und nach Belieben belegen und würzen. Die Pizza ca. 10 -12 Minuten backen. Backzeit und Temperatur können je nach Ofenart/Belag leicht variieren.Zubereitungs-Tipp für Pizzastangerl: Den Teig in ca. 2 cm breite Streifen schneiden, mit Olivenöl bestreichen und mit Knoblauch, Oregano, Rosmarin oder Sesam bestreuen. Ca. 7 - 8 Minuten goldbraun backen (Heißluft 200°C/ Ober- und Unterhitze 220°C). Feinschmecker genießen die Pizzastangerl mit einer feinen Dipsauce."]},{"key":"Ursprungsland/Herkunftsort:","value":["Sorgfältig hergestellt in Österreich"]},{"key":"Kontakt:","value":["Spar Österr. Warenhandels-AG","Europastraße 3, 5015 Salzburg, Österreich"]}],"nutritions":[{"key":" ","value":"100 g"},{"key":"","value":"Unzubereitet"},{"key":"Energie","value":"1149 kJ | 272 kcal"},{"key":"Fett","value":"5,1 g"},{"key":"Fett, davon gesättigte Fettsäuren","value":"1 g"},{"key":"Kohlenhydrate","value":"47 g"},{"key":"Kohlenhydrate, davon Zucker","value":"2,6 g"},{"key":"Ballaststoffe","value":"1,5 g"},{"key":"Eiweiß","value":"8,8 g"},{"key":"Salz","value":"2,4 g"},{"key":"Broteinheiten","value":"3,9 BE"}],"tags":[]},
    {"url":"https://www.interspar.at/shop/lebensmittel/p/2020000886082","data":[{"key":"price","value":"2,99 €"},{"key":"oldPrice","value":"\n\t\t\t\t\t\n\t\t\t\t\t \n\t\t\t\t"},{"key":"pricePerUnit","value":"(10.68 €/kg)"},{"key":"productDetailsName","value":"SPAR PREMIUM Edition Johanna Maier - Gelbes Curry mit Huhn - 280 G"},{"key":"detailsDescription","value":"280 G"},{"key":"articleNumber","value":"Artikelnummer: 2020000886082"},{"key":"Lagerhinweis:","value":["Vor und nach dem Öffnen gekühlt lagern. Nach dem Öffnen innerhalb von 2 Tagen genießen."]},{"key":"Zutaten:","value":["Zutaten: Kokosmilch (Kokosnussextrakt 60%, Trinkwasser), Trinkwasser, Hühnerbrustfleisch 20%, Gelbe Rüben, Karotten, Ananas, Zitronengras, Rapsöl, Koriander, Ingwer, Gelbe Curry Paste (Rapsöl, Wasser, Gewürze [Koriander, Kreuzkümmel, Zwiebelpulver, Kurkuma, Ingwer, Knoblauchpulver, Chilipulver, Paprika, Kardamom, SENFSAMEN, Bockshornklee, Fenchel], Tomatenpüree, Salz, Zucker, Säuerungsmittel: Essigsäure, Linsenmehl aus gelben Linsen), Zwiebelpulver, Ingwerpulver (1,7%), Knoblauchpulver, Rohrzucker, Gewürzzubereitung (Gewürze [Bockshornklee, Koriander, Pfeffer, Kreuzkümmel, Kurkuma, Fenchel, Anis, Knoblauch, Kümmel, Majoran, Nelken, Oregano, Paprika, SENSAMEN], Speisesalz, Vanillin), Masala, Gewürzsalz (Steinsalz, Gewürze [Bockshornklee, Szechuan Pfeffer, Ingwer, Koriander, Pfeffer, Kreuzkümmel, Kardamom]), Zitronensaft aus Zitronensaftkonzentrat, Maisstärke. In Großbuchstaben angegebene Zutaten enthalten allergene Inhaltsstoffe."]},{"key":"Allergene:","value":["Enthält:Senf und daraus gewonnene Erzeugnisse"]},{"key":"","value":["einfach OHNE:ohne Aromastoffzusatzohne Konservierungsstoffeohne Geschmacksverstärker"]},{"key":"Zubereitung:","value":["Erhitzen und servierenBei mittlerer Hitze ca. 4 Minuten unter ständigem Rühren erwärmen.","Zubereitung in der MikrowelleZiehen Sie die Kartonschleife ab, öffen Sie den Deckel, legen Sie diesen lose auf den Becherrand, dann bei 400 Watt 3-4 Minuten erhitzen, danach noch kurz umrühren und genießen. Vorsicht, der Becher wird heiß!"]},{"key":"Identitätskennzeichen:","value":["AT 32522 EG"]},{"key":"Ursprungsland/Herkunftsort:","value":["Sorgfältig hergestellt in Österreich"]},{"key":"Verbrauchen nach dem Öffnen:","value":["2 Tage"]},{"key":"Verwendungshinweis:","value":["Vor dem Öffnen gut schütteln."]},{"key":"Kontakt:","value":["SPAR Österr. Warenhandels-AG","Europastraße 3, 5015 Salzburg, Österreich"]}],"nutritions":[{"key":"","value":"Unzubereitet"},{"key":" ","value":"100 g"},{"key":"Energie","value":"625 kJ | 150 kcal"},{"key":"Fett","value":"11 g"},{"key":"Fett, davon gesättigte Fettsäuren","value":"7,1 g"},{"key":"Kohlenhydrate","value":"3,4 g"},{"key":"Kohlenhydrate, davon Zucker","value":"2,6 g"},{"key":"Ballaststoffe","value":"< 0,5 g"},{"key":"Eiweiß","value":"9 g"},{"key":"Salz","value":"1,4 g"},{"key":"Broteinheiten","value":"0,3 BE"}],"tags":[]},
    {"url":"https://www.interspar.at/shop/lebensmittel/p/2020000886198","data":[{"key":"price","value":"2,99 €"},{"key":"oldPrice","value":"\n\t\t\t\t\t\n\t\t\t\t\t \n\t\t\t\t"},{"key":"pricePerUnit","value":"(10.68 €/kg)"},{"key":"productDetailsName","value":"SPAR PREMIUM Edition Johanna Maier - Grünes Curry mit Gemüse - 280 G"},{"key":"detailsDescription","value":"280 G"},{"key":"articleNumber","value":"Artikelnummer: 2020000886198"},{"key":"Lagerhinweis:","value":["Vor und nach dem Öffnen gekühlt lagern. Nach dem Öffnen innerhalb von 2 Tagen genießen."]},{"key":"Zutaten:","value":["Zutaten: Kokosmilch (Kokosnussextrakt 60%, Trinkwasser), Trinkwasser, Mungobohnen, SOJABOHNEN, Zucchini 11,4%, Lauch 3,8%, Zitronengras, Gemüse-Bouillon 1,1% [Gekörnte Brühe (Raps, Mais, Salz, Sonnenblumenöl), Gewürzextrakte, Stärke, Zucker, Gewürze, Shiitakepilze, Tomate, Aroma, Karotte], Ingwer 0,5%, Grüne Curry Paste 0,4% (Grüne Chilischoten, Zitronengras, Knoblauch, Salz, Schalotten, Galgant, Kreuzkümmelpulver, Limettenschale, Koriandersamen), Koriander, Gewürzzubereitung (Gewürze [Bockshornklee, Koriander, Pfeffer, Kreuzkümmel, Kurkuma, Fenchel, Anis, Knoblauch, Kümmel, Majoran, Nelken, Oregano, Paprika, SENFSAMEN], Speisesalz, Vanillin), Masala Gewürzsalz (Steinsalz, Gewürze [Bockshornklee, Szechuan Pfeffer, Ingwer, Koriander, Pfeffer, Kreuzkümmel, Kardamom]), Rohrzucker, Curry-Pulver 0,2% (Koriander, Kurkuma, Zimt, Bockshornkleesaat, Kreuzkümmel, Kardamom, Ingwer, Paprika, Piment, Muskat, Nelken, Pfeffer), Zitronensaft aus Zitronensaftkonzentrat, Limettenöl, Maisstärke. In Großbuchstaben angegebene Zutaten enthalten allergene Inhaltsstoffe."]},{"key":"Allergene:","value":["Enthält:Senf und daraus gewonnene Erzeugnisse, Sojabohnen und daraus gewonnene Erzeugnisse"]},{"key":"","value":["einfach OHNE:ohne Aromastoffzusatzohne Konservierungsstoffeohne Geschmacksverstärker"]},{"key":"Zubereitung:","value":["Erhitzen und servierenBei mittlerer Hitze ca. 4 Minuten unter ständigem Rühren erwärmen.","Zubereitung in der MikrowelleZiehen Sie die Kartonschleife ab, öffnen Sie den Deckel, legen Sie diesen lose auf den Becherrand, dann bei 400 Watt 3-4 Minuten erhitzen, danach noch kurz umrühren und genießen. Vorsicht, der Becher wird heiß!"]},{"key":"Ursprungsland/Herkunftsort:","value":["Sorgfältig hergestellt in Österreich"]},{"key":"Verbrauchen nach dem Öffnen:","value":["2 Tage"]},{"key":"Verwendungshinweis:","value":["Vor dem Öffnen gut schütteln."]},{"key":"Kontakt:","value":["SPAR Österr. Warenhandels-AG","Europastraße 3, 5015 Salzburg, Österreich"]}],"nutritions":[{"key":"","value":"Unzubereitet"},{"key":" ","value":"100 g"},{"key":"Energie","value":"548 kJ | 132 kcal"},{"key":"Fett","value":"9,1 g"},{"key":"Fett, davon gesättigte Fettsäuren","value":"7,3 g"},{"key":"Kohlenhydrate","value":"8,4 g"},{"key":"Kohlenhydrate, davon Zucker","value":"2,9 g"},{"key":"Ballaststoffe","value":"2,6 g"},{"key":"Eiweiß","value":"2,8 g"},{"key":"Salz","value":"0,72 g"},{"key":"Broteinheiten","value":"0,7 BE"}],"tags":[]},
    {"url":"https://www.interspar.at/shop/lebensmittel/p/2020000884705","data":[{"key":"price","value":"2,99 €"},{"key":"oldPrice","value":"\n\t\t\t\t\t\n\t\t\t\t\t \n\t\t\t\t"},{"key":"pricePerUnit","value":"(10.68 €/kg)"},{"key":"productDetailsName","value":"SPAR PREMIUM Edition Johanna Maier - Rotes Curry mit Rind - 280 G"},{"key":"detailsDescription","value":"280 G"},{"key":"articleNumber","value":"Artikelnummer: 2020000884705"},{"key":"Lagerhinweis:","value":["Vor und nach dem Öffnen gekühlt lagern. Nach dem Öffnen innerhalb von 2 Tagen genießen."]},{"key":"Zutaten:","value":["Zutaten: Trinkwasser, Rindfleisch 17%, Kokosmilch (Kokosnussextrakt 60%, Trinkwasser), Paprika rot, Bohnen rot, Bohnen schwarz, Zwiebel, Zitronengras, Rapsöl, Tomatenmark, Rohrzucker, Knoblauch, Zitronensaft aus Zitronensaftkonzentrat, Koriander, Rote Curry Paste 0,25% (getrocknete rote Chilischoten, Zitronengras, Knoblauch, Schalotten, Salz, Galgant, Koriandersamen, Korianderwurzel, Kaffir-Limettenschale, Kreuzkümmel), Gewürzzubereitung (Gewürze [Bockshornklee, Koriander, Pfeffer, Kreuzkümmel, Kurkuma, Fenchel, Anis, Knoblauch, Kümmel, Majoran, Nelken, Oregano, Paprika, SENFSAMEN], Speisesalz, Vanillin), Masala Gewürzsalz (Steinsalz, Gewürze [Bockshornklee, Szechuan Pfeffer, Ingwer, Koriander, Pfeffer, Kreuzkümmel, Kardamom]), Maisstärke. In Großbuchstaben angegebene Zutaten enthalten allergene Inhaltsstoffe."]},{"key":"Allergene:","value":["Enthält:Senf und daraus gewonnene Erzeugnisse"]},{"key":"","value":["einfach OHNE:ohne Aromastoffzusatzohne Konservierungsstoffeohne Geschmacksverstärker"]},{"key":"Zubereitung:","value":["Zubereitung in der MikrowelleZiehen Sie die Kartonschleife ab, öffnen Sie den Deckel, legen Sie diesen lose auf den Becherrand, dann bei 400 Watt 3-4 Minuten erhitzen, danach noch kurz umrühren und genießen. Vorsicht, der Becher wird heiß!","Erhitzen und servierenBei mittlerer Hitze ca. 4 Minuten unter ständigem Rühren erwärmen."]},{"key":"Identitätskennzeichen:","value":["AT 32522 EG"]},{"key":"Ursprungsland/Herkunftsort:","value":["Sorgfältig hergestellt in Österreich"]},{"key":"Verbrauchen nach dem Öffnen:","value":["2 Tage"]},{"key":"Verwendungshinweis:","value":["Vor dem Öffnen gut schütteln."]},{"key":"Kontakt:","value":["SPAR Österr. Warenhandels-AG","Europastraße 3, 5015 Salzburg, Österreich"]}],"nutritions":[{"key":"","value":"Unzubereitet"},{"key":" ","value":"100 g"},{"key":"Energie","value":"506 kJ | 121 kcal"},{"key":"Fett","value":"7,7 g"},{"key":"Fett, davon gesättigte Fettsäuren","value":"3,6 g"},{"key":"Kohlenhydrate","value":"6,8 g"},{"key":"Kohlenhydrate, davon Zucker","value":"2 g"},{"key":"Ballaststoffe","value":"1,7 g"},{"key":"Eiweiß","value":"5,6 g"},{"key":"Salz","value":"0,13 g"},{"key":"Broteinheiten","value":"0,6 BE"}],"tags":[]},
    {"url":"https://www.interspar.at/shop/lebensmittel/p/2020001845521","data":[{"key":"price","value":"1,39 €"},{"key":"oldPrice","value":"\n\t\t\t\t\t\n\t\t\t\t\t \n\t\t\t\t"},{"key":"pricePerUnit","value":"(2.78 €/l)"},{"key":"productDetailsName","value":"SPAR Natur*pur - Bio-Mandel-Drink - 0,5 L"},{"key":"detailsDescription","value":"0,5 L"},{"key":"articleNumber","value":"Artikelnummer: 2020001845521"},{"key":"Lagerhinweis:","value":["Gekühlt bei +2°C bis +6°C lagern. Nach dem Öffnen rasch genießen."]},{"key":"Zutaten:","value":["Zutaten: Wasser, 5% MANDELN*, 2,5% Agavendicksaft*, Stabilisator: Guarkernmehl*, Salz unjodiert. *aus biologischer Landwirtschaft. In Großbuchstaben angegebene Zutaten enhalten allergene Inhaltsstoffe."]},{"key":"Allergene:","value":["Kann Spuren von anderen Schalenfrüchten enthalten.","Kann Spuren enthalten von:Schalenfrüchte und daraus gewonnene Erzeugnisse","Enthält:Schalenfrüchte und daraus gewonnene Erzeugnisse"]},{"key":"","value":["einfach OHNE: ohne Aromastoffzusatzohne Konservierungsstoffe°ohne Farbstoffzusatz°ohne Geschmacksverstärker°°lt. EU-VO (EG) 834/2007"]},{"key":"","value":["Laktosefrei"]},{"key":"Bio-Kontrollstelle:","value":["AT-BIO-402"]},{"key":"Ökoherkunft:","value":["EU-/Nicht-EU-Landwirtschaft"]},{"key":"Ursprungsland/Herkunftsort:","value":["hergestellt in Österreich"]},{"key":"Verwendungshinweis:","value":["Vor dem Genuss gut schütteln!"]},{"key":"Kontakt:","value":["SPAR Österr. Warenhandels-AG","Europastraße 3, 5015 Salzburg, Österreich","office@spar.at"]}],"nutritions":[{"key":"","value":"Unzubereitet"},{"key":" ","value":"100 ml"},{"key":"Energie","value":"164 kJ | 40 kcal"},{"key":"Fett","value":"2,7 g"},{"key":"Fett, davon gesättigte Fettsäuren","value":"0,3 g"},{"key":"Kohlenhydrate","value":"2,6 g"},{"key":"Kohlenhydrate, davon Zucker","value":"2,1 g"},{"key":"Ballaststoffe","value":"0,5 g"},{"key":"Eiweiß","value":"1 g"},{"key":"Salz","value":"0,1 g"},{"key":"Broteinheiten","value":"0,2 BE"},{"key":"","value":"Unzubereitet"},{"key":" ","value":"Portion (250 ml)"},{"key":"Energie","value":"413 kJ | 99 kcal"},{"key":"Fett","value":"6,8 g"},{"key":"Fett, davon gesättigte Fettsäuren","value":"0,8 g"},{"key":"Kohlenhydrate","value":"6,5 g"},{"key":"Kohlenhydrate, davon Stärke","value":"5,3 g"},{"key":"Ballaststoffe","value":"1,3 g"},{"key":"Eiweiß","value":"2,5 g"},{"key":"Salz","value":"0,25 g"},{"key":"Broteinheiten","value":"0,5 BE"}],"tags":["Bio","Vegan","Lactosefrei"]},
    {"url":"https://www.interspar.at/shop/lebensmittel/p/2020000463948","data":[{"key":"price","value":"1,15 €"},{"key":"oldPrice","value":"\n\t\t\t\t\t\n\t\t\t\t\t \n\t\t\t\t"},{"key":"pricePerUnit","value":"(4.60 €/l)"},{"key":"productDetailsName","value":"Rama Cremefine - zum Kochen 15% Fett - 250 ML"},{"key":"detailsDescription","value":"250 ML"},{"key":"articleNumber","value":"Artikelnummer: 2020000463948"},{"key":"Lagerhinweis:","value":["Bei +2 C bis +7 C lagern."]},{"key":"Zutaten:","value":["Zutaten: Trinkwasser, 24% BUTTERMILCH, 14% pflanzliche Öle und Fette (Raps, Palm¹), modifizierte Stärke, Emulgator: Mono- und Diglyceride von Speisefettsäuren, Stabilisatoren: Methylcellulose, Guarkernmehl; Säureregulatoren: Natriumcitrat, Citronensäure; Laktase, Aromen. ¹aus zertifiziert nachhaltigem AnbauIn Großbuchstaben angegebene Zutaten enthalten allergene Inhaltstoffe."]},{"key":"Allergene:","value":["Enthält:Milch und daraus gewonnene Erzeugnisse (inkl. Laktose)"]},{"key":"","value":["laktosefrei (Laktosegehalt unter 0,01 g / 100 ml)"]},{"key":"Kontakt:","value":["Unilever Austria GmbH","Stella-Klein-Löw-Weg 13, 1023 Wien, Österreich"]}],"nutritions":[{"key":"","value":"Unzubereitet"},{"key":" ","value":"100 ml"},{"key":"Energie","value":"614 kJ | 146 kcal"},{"key":"Fett","value":"15 g"},{"key":"Fett, davon gesättigte Fettsäuren","value":"4,9 g"},{"key":"Kohlenhydrate","value":"2,5 g"},{"key":"Kohlenhydrate, davon Zucker","value":"1,2 g"},{"key":"Eiweiß","value":"0,8 g"},{"key":"Salz","value":"0,24 g"}],"tags":["Lactosefrei"]},
    {"url":"https://www.interspar.at/shop/lebensmittel/p/2020000521129","data":[{"key":"price","value":"1,79 €"},{"key":"oldPrice","value":"\n\t\t\t\t\t\n\t\t\t\t\t \n\t\t\t\t"},{"key":"pricePerUnit","value":"(8.14 €/l)"},{"key":"productDetailsName","value":"Starbucks - Cappuccino - 220 ML"},{"key":"detailsDescription","value":"220 ML"},{"key":"articleNumber","value":"Artikelnummer: 2020000521129"},{"key":"Lagerhinweis:","value":["Gekühlt aufbewahren bei 2-8°C."]},{"key":"Zutaten:","value":["Zutaten: 75% MILCH mit 3% Fett im Milchanteil, 19,5% Kaffeezubereitung (Wasser und Kaffee-Extrakt), Zucker 5%, fettarmes Kakaopulver 0,1%, natürliches Aroma, Vanille-Aroma, Säureregulator: Kaliumcarbonat, Stabilisatoren: Carrageen, Guarkernmehl, Emulgatoren: Mono- und Diglyceride von Speisefettsäuren. Kaffee, Zucker und Kakao nach Fairtrade Standards gehandelt, Gesamtanteil 94%, ausgenommen flüssige Zutaten. In Großbuchstaben angegebene Zutaten enthalten allergene Inhaltstoffe."]},{"key":"Allergene:","value":["Enthält:Milch und daraus gewonnene Erzeugnisse (inkl. Laktose)"]},{"key":"Identitätskennzeichen:","value":["DK M 224 EC"]},{"key":"Zusatztext:","value":["Fair Trade"]},{"key":"Kontakt:","value":["Arla Foods Deutschland GmbH","Wahlerstraße 2, 40472 Düsseldorf, Deutschland"]}],"nutritions":[{"key":"","value":"Unzubereitet"},{"key":" ","value":"100 g"},{"key":"Energie","value":"297 kJ | 71 kcal"},{"key":"Fett","value":"2,5 g"},{"key":"Fett, davon gesättigte Fettsäuren","value":"1,6 g"},{"key":"Kohlenhydrate","value":"9,2 g"},{"key":"Kohlenhydrate, davon Zucker","value":"9,1 g"},{"key":"Eiweiß","value":"2,8 g"},{"key":"Salz","value":"0,08 g"}],"tags":["Gekühlt"]},
    {"url":"https://www.interspar.at/shop/lebensmittel/p/2020001036370","data":[{"key":"price","value":"2,25 €"},{"key":"oldPrice","value":"\n\t\t\t\t\t\n\t\t\t\t\t \n\t\t\t\t"},{"key":"pricePerUnit","value":"(16.67 €/kg)"},{"key":"productDetailsName","value":"Spak - Tramezzini Thunfisch - 135 G"},{"key":"detailsDescription","value":"135 G"},{"key":"articleNumber","value":"Artikelnummer: 2020001036370"},{"key":"Lagerhinweis:","value":["gekühlt lagern (+2° - +6°C)"]},{"key":"Zutaten:","value":["Zutaten: 27% Thunfischerzeugnis (THUNFISCH, Sonnenblumenöl, Speisesalz), 17% HÜHNEREIEIWEISS* gekocht, Rapsöl, Trinkwasser, Gemüsezubereitung (Mais, Zwiebeln, Weingeistessig, Konservierungsstoff: E211, Süßungsmittel: E954), 6% HÜHNEREIER* gekocht, Speisesalz, Zucker, Speisegelatine, Kapern, HÜHNEREIGELB*, SENFKORN, Gewürze, Verdickungsmittel: E412, E415, E410; Säuerungsmittel: E270, Farbstoff: E150d, Konservierungsstoff: E202. In Großbuchstaben angegebene Zutaten enthalten allergene Inhaltsstoffe."]},{"key":"Allergene:","value":["Enthält:Eier und daraus gewonnene Erzeugnisse, Fische und daraus gewonnene Erzeugnisse, Senf und daraus gewonnene Erzeugnisse"]},{"key":"Kontakt:","value":["SP Feinkost","Laxenburger Straße 250, 1230 Wien, Österreich"]}],"nutritions":[],"tags":["Gekühlt"]},
    {"url":"https://www.interspar.at/shop/lebensmittel/p/2020001303359","data":[{"key":"price","value":"0,78 €"},{"key":"oldPrice","value":"\n\t\t\t\t\t\n\t\t\t\t\t \n\t\t\t\t"},{"key":"pricePerUnit","value":"(15.50 €/kg)"},{"key":"productDetailsName","value":"Tirol Milch - Heumlich Emmentaler mild - 1 KG"},{"key":"detailsDescription","value":"1 KG"},{"key":"articleNumber","value":"Artikelnummer: 2020001303359"},{"key":"Lagerhinweis:","value":["Vor und nach dem Öffnen gekühlt (3-6°C) lagern. Nach dem Öffnen innerhalb weniger Tage verbrauchen."]},{"key":"Zutaten:","value":["Zutaten: MILCH, Salz, mikrobielles Lab, Käsereikulturen, Rauch. In Großbuchstaben angegeben Zutaten enthalten allergene Inhaltsstoffe."]},{"key":"Allergene:","value":["Enthält:Milch und daraus gewonnene Erzeugnisse (inkl. Laktose)"]},{"key":"","value":["Laktosefrei"]},{"key":"Identitätskennzeichen:","value":["AT 40153 EG"]},{"key":"Kontakt:","value":["Tirol Milch","Lattellaplatz 1, 6300 Wörgl, Österreich"]}],"nutritions":[{"key":"","value":"Unzubereitet"},{"key":" ","value":"100 g"},{"key":"Energie","value":"1640 kJ | 395 kcal"},{"key":"Fett","value":"31 g"},{"key":"Fett, davon gesättigte Fettsäuren","value":"23 g"},{"key":"Kohlenhydrate","value":"0 g"},{"key":"Kohlenhydrate, davon Zucker","value":"0 g"},{"key":"Eiweiß","value":"29 g"},{"key":"Salz","value":"0,8 g"}],"tags":["Gekühlt","Lactosefrei"]},
    {"url":"https://www.interspar.at/shop/lebensmittel/p/2020001806294","data":[{"key":"price","value":"1,79 €"},{"key":"oldPrice","value":"\n\t\t\t\t\t\n\t\t\t\t\t \n\t\t\t\t"},{"key":"pricePerUnit","value":"(8.14 €/l)"},{"key":"productDetailsName","value":"Starbucks - Vanilla Bean Macchiato - 220 ML"},{"key":"detailsDescription","value":"220 ML"},{"key":"articleNumber","value":"Artikelnummer: 2020001806294"},{"key":"Lagerhinweis:","value":["Gekühlt bei +8°C lagern."]},{"key":"Zutaten:","value":["Zutaten: Teilentrahmte MILCH (75%), Kaffeezubereitung (Wasser, Kaffee-Extrakt) (19,8%), Zucker (4,7%), Vanilleextrakt, natürliches Aroma, Säureregulator: Carrageen, Gellan. In Großbuchstaben angegebene Zutaten enthalten allergene Inhaltsstoffe."]},{"key":"Allergene:","value":["Enthält:Milch und daraus gewonnene Erzeugnisse (inkl. Laktose)"]},{"key":"Identitätskennzeichen:","value":["DK M 224 EC"]},{"key":"Kontakt:","value":["Lamercantile GmbH","Baumgasse 70, 1030 Wien, Österreich"]}],"nutritions":[{"key":"","value":"Unzubereitet"},{"key":" ","value":"100 ml"},{"key":"Energie","value":"252 kJ | 60 kcal"},{"key":"Fett","value":"1,4 g"},{"key":"Fett, davon gesättigte Fettsäuren","value":"0,9 g"},{"key":"Kohlenhydrate","value":"8,9 g"},{"key":"Kohlenhydrate, davon Zucker","value":"8,6 g"},{"key":"Eiweiß","value":"2,8 g"},{"key":"Salz","value":"0,09 g"}],"tags":[]},
    {"url":"https://www.interspar.at/shop/lebensmittel/p/2020001847778","data":[{"key":"price","value":"2,49 €"},{"key":"oldPrice","value":"\n\t\t\t\t\t\n\t\t\t\t\t \n\t\t\t\t"},{"key":"pricePerUnit","value":"(7.55 €/l)"},{"key":"productDetailsName","value":"Chiefs - Milk Protein Vanilla Drive - 330 ML"},{"key":"detailsDescription","value":"330 ML"},{"key":"articleNumber","value":"Artikelnummer: 2020001847778"},{"key":"Lagerhinweis:","value":["Ungekühlt bei Raumtemperatur, nicht unterhalb Gefrierpunkt lagern. Nach dem Öffnen gekühlt lagern"]},{"key":"Zutaten:","value":["Zutaten: 43% teilentrahmte MILCH, Wasser, 14% MILCHPROTEINKONZENTRAT , 0,1% Bourbon-Vanilleextrakt, Füllstoff: Polydextrose , Stabilisator: Mikrokristalline Cellulose, modifizierte Stärke, Aroma, färbendes Lebensmittel: Karottenkonzentrat; Süßungsmittel: Sucralose, Acesulfam-K; Säuerungsmittel: Milchsäure, Speisesalz. In Großbuchstaben angegebene Zutaten enthalten allergene Inhaltsstoffe."]},{"key":"Allergene:","value":["Enthält:Milch und daraus gewonnene Erzeugnisse (inkl. Laktose)"]},{"key":"","value":["Ohne Zuckerzusatz -enthält natürliche Zuckerarten aus Frucht- und Milch"]},{"key":"","value":["Laktosefrei","Glutenfrei"]},{"key":"Verwendungshinweis:","value":["und innerhalb eines Tages verzehren. Vor Gebrauch gut schütteln. Ideale Trinktemperatur 5°C"]},{"key":"Kontakt:","value":["Chiefs AG","Baarerstrasse 2, 6304 Zug, Schweiz"]}],"nutritions":[{"key":"","value":"Unzubereitet"},{"key":" ","value":"100 ml"},{"key":"Energie","value":"223 kJ | 53 kcal"},{"key":"Fett","value":"1,1 g"},{"key":"Fett, davon gesättigte Fettsäuren","value":"0,7 g"},{"key":"Kohlenhydrate","value":"2,8 g"},{"key":"Kohlenhydrate, davon Zucker","value":"2,5 g"},{"key":"Ballaststoffe","value":"4 g"},{"key":"Eiweiß","value":"7,9 g"},{"key":"Salz","value":"0,13 g"},{"key":"","value":"Unzubereitet"},{"key":" ","value":"Portion (330 ml)"},{"key":"Energie","value":"736 kJ | 175 kcal"},{"key":"Fett","value":"3,6 g"},{"key":"Fett, davon gesättigte Fettsäuren","value":"2,3 g"},{"key":"Kohlenhydrate","value":"9,2 g"},{"key":"Kohlenhydrate, davon Zucker","value":"8,3 g"},{"key":"Ballaststoffe","value":"13,2 g"},{"key":"Eiweiß","value":"26 g"},{"key":"Salz","value":"0,43 g"}],"tags":["Glutenfrei","Lactosefrei"]},
    {"url":"https://www.interspar.at/shop/lebensmittel/p/2020001862085","data":[{"key":"price","value":"2,25 €"},{"key":"oldPrice","value":"\n\t\t\t\t\t\n\t\t\t\t\t \n\t\t\t\t"},{"key":"pricePerUnit","value":"(16.67 €/kg)"},{"key":"productDetailsName","value":"Spak - Tramezzini Mexican Thunfisch - 135 G"},{"key":"detailsDescription","value":"135 G"},{"key":"articleNumber","value":"Artikelnummer: 2020001862085"},{"key":"Lagerhinweis:","value":["gekühlt lagern bei + 2 °C bis + 6 °C Nach dem Öffnen innerhalb von 5 Tagen verbrauchen"]},{"key":"Zutaten:","value":["Zutaten: 19% THUNFISCH, Rapsöl, Wasser, 11% rote Bohnen, 7% Mais, Lauch, 6% Paprika, Zwiebelzubereitung (Zwiebel, Weingeistessig, Süßungsmittel: Saccharin), Zucker, Speisesalz unjodiert, Weingeistessig, EIGELBPULVER, Sonnenblumenöl, Speisegelatine, Dextrose, SENFKORN, Chilipulver, Gewürze, Maltodextrin, Gewürzextrakte, Verdickungsmittel: Xanthan, Tarakernmehl, Johannisbrotkernmehl, Guarkernmehl; Säuerungsmittel: Milchsäure; Farbstoff: Paprikaextrakt; Konservierungsstoffe: Natriumbenzoat, Kaliumsorbat; modifizierte Stärke. In Großbuchstaben angegebene Zutaten enthalten allergene Inhaltsstoffe."]},{"key":"Allergene:","value":["Enthält:Eier und daraus gewonnene Erzeugnisse, Fische und daraus gewonnene Erzeugnisse, Senf und daraus gewonnene Erzeugnisse"]},{"key":"Kontakt:","value":["SP Feinkost","Laxenburger Straße 250, 1230 Wien, Österreich"]}],"nutritions":[{"key":"","value":"Zubereitet"},{"key":" ","value":"100 g"},{"key":"Energie","value":"1040 kJ | 251 kcal"},{"key":"Fett","value":"22 g"},{"key":"Fett, davon gesättigte Fettsäuren","value":"2,1 g"},{"key":"Kohlenhydrate","value":"6,2 g"},{"key":"Kohlenhydrate, davon Zucker","value":"2,9 g"},{"key":"Ballaststoffe","value":"1,7 g"},{"key":"Eiweiß","value":"6,3 g"},{"key":"Salz","value":"1,7 g"},{"key":"Broteinheiten","value":"0,5 BE"}],"tags":["Gekühlt"]},
    {"url":"https://www.interspar.at/shop/lebensmittel/p/2209852","data":[{"key":"price","value":"0,99 €"},{"key":"oldPrice","value":"\n\t\t\t\t\t\n\t\t\t\t\t \n\t\t\t\t"},{"key":"pricePerUnit","value":"(9.90 €/kg)"},{"key":"productDetailsName","value":"Feinkost Leitinger - Premium Kartoffelsalat - 1 KG"},{"key":"detailsDescription","value":"1 KG"},{"key":"articleNumber","value":"Artikelnummer: 2209852"},{"key":"Lagerhinweis:","value":["Gekühlt lagern bei +2 bis +6°C."]},{"key":"Zutaten:","value":["Zutaten: 57% Kartoffeln, Trinkwasser, Pflanzenöl, Zwiebeln, Zucker, Weingeistessig, Aroma, Weißweinessig, Schnittlauch, Gewürzzubereitung (Pflanzliche Brühe (Würze (mit SOJA), Salz unjodiert, pflanzliches Fett, Gewürzextrakte), Gewürzextrakte (mit SELLERIE), Salz unjodiert, Stärke, Saccharose, Hefeextrakt, Gemüse (Tomate, Petersilie, Pastinake, Zwiebel, Karotte, Lauch), pflanzliches Fett gehärtet, Gewürze, Shiitake-Pilze), Senf (Trinkwasser, SENFSAAT, Weingeistessig, Zucker, Salz unjodiert, Gewürze), Kräuter, Gewürze, Salz unjodiert, modifizierte Stärke, Gewürzextrakte, Speisewürze, Hefeextrakt, Maltodextrine, Pfeffer, Konservierungsstoff: Kaliumsorbat, Natriumbenzoat. In Großbuchstaben angegebene Zutaten enthalten allergene Inhaltsstoffe."]},{"key":"Allergene:","value":["Enthält:Sellerie und daraus gewonnene Erzeugnisse, Senf und daraus gewonnene Erzeugnisse, Sojabohnen und daraus gewonnene Erzeugnisse"]},{"key":"Kontakt:","value":["Feinkost Leitinger","Römerstraße 8, 5322 Hof bei Salzburg, Österreich"]}],"nutritions":[{"key":"","value":"Zubereitet"},{"key":" ","value":"100 g"},{"key":"Energie","value":"461 kJ | 110 kcal"},{"key":"Fett","value":"5,5 g"},{"key":"Fett, davon gesättigte Fettsäuren","value":"0,7 g"},{"key":"Kohlenhydrate","value":"12,8 g"},{"key":"Kohlenhydrate, davon Zucker","value":"1 g"},{"key":"Ballaststoffe","value":"1 g"},{"key":"Eiweiß","value":"1,4 g"},{"key":"Salz","value":"0,46 g"},{"key":"Broteinheiten","value":"1,1 BE"}],"tags":["Gekühlt","Glutenfrei","Lactosefrei"]},
    {"url":"https://www.interspar.at/shop/lebensmittel/p/2381008","data":[{"key":"price","value":"5,99 €"},{"key":"oldPrice","value":"\n\t\t\t\t\t\n\t\t\t\t\t \n\t\t\t\t"},{"key":"pricePerUnit","value":"(11.98 €/kg)"},{"key":"productDetailsName","value":"Woerle - Emmentaler Der Milde - 500 G"},{"key":"detailsDescription","value":"500 G"},{"key":"articleNumber","value":"Artikelnummer: 2381008"},{"key":"Lagerhinweis:","value":["Bei +2°C bis +7°C lagern. Nach dem Öffnen der Packung sollte das Produkt rasch verzehrt werden."]},{"key":"Zutaten:","value":["Zutaten: MILCH, Salz, Milchsäurebakterienkulturen, Lab, Propionsäurebakterien. In Großbuchstaben angegebene Zutaten enthalten allergene Inhaltsstoffe."]},{"key":"Allergene:","value":["Enthält:Milch und daraus gewonnene Erzeugnisse (inkl. Laktose)"]},{"key":"Identitätskennzeichen:","value":["AT 50124 EG"]},{"key":"Kontakt:","value":["Gebrüder Woerle Ges.m.b.H.","Enzing 26, 5302 Henndorf, Österreich","woerle@woerle.at"]}],"nutritions":[{"key":"","value":"Unzubereitet"},{"key":" ","value":"100 g"},{"key":"Energie","value":"1603 kJ | 386 kcal"},{"key":"Fett","value":"30 g"},{"key":"Fett, davon gesättigte Fettsäuren","value":"21,9 g"},{"key":"Kohlenhydrate","value":"0 g"},{"key":"Kohlenhydrate, davon Zucker","value":"0 g"},{"key":"Eiweiß","value":"29 g"},{"key":"Salz","value":"0,6 g"}],"tags":["Gekühlt","Glutenfrei","Lactosefrei"]},
    {"url":"https://www.interspar.at/shop/lebensmittel/p/3076330","data":[{"key":"price","value":"1,15 €"},{"key":"oldPrice","value":"\n\t\t\t\t\t\n\t\t\t\t\t \n\t\t\t\t"},{"key":"pricePerUnit","value":"(5.75 €/kg)"},{"key":"productDetailsName","value":"Rama - Cremefine wie Crème fraîche zu verwenden - 200 G"},{"key":"detailsDescription","value":"200 G"},{"key":"articleNumber","value":"Artikelnummer: 3076330"},{"key":"Lagerhinweis:","value":["Bei +2 °C bis +7 °C lagern."]},{"key":"Zutaten:","value":["Zutaten: 63% BUTTERMILCH, 20% MAGERMILCH, 15% pflanzliche Fette (Palm), modifizierte Stärke, Stabilisatoren (Guarkernmehl, Pektin), Milchsäurebakterienkulturen, Farbstoff (Carotine). In Großbuchstaben angegebene Zutaten enthalten allergene Inhaltsstoffe."]},{"key":"Allergene:","value":["Enthält:Milch und daraus gewonnene Erzeugnisse (inkl. Laktose)"]},{"key":"","value":["15% Fett - 50% weniger Fett als Crème fraîche"]},{"key":"Verwendungshinweis:","value":["Nach dem Öffnen alsbald verzehren."]},{"key":"Kontakt:","value":["Unilever Austria GmbH","Stella-Klein-Löw-Weg 13, Postfach 10, 1023 Wien, Österreich","www.rama-cremefine.at"]}],"nutritions":[{"key":"","value":"Unzubereitet"},{"key":" ","value":"100 ml"},{"key":"Energie","value":"700 kJ | 170 kcal"},{"key":"Fett","value":"15 g"},{"key":"Fett, davon gesättigte Fettsäuren","value":"9 g"},{"key":"Kohlenhydrate","value":"5 g"},{"key":"Kohlenhydrate, davon Zucker","value":"4 g"},{"key":"Eiweiß","value":"3 g"},{"key":"Salz","value":"0,12 g"}],"tags":[]},
    {"url":"https://www.interspar.at/shop/lebensmittel/p/474900","data":[{"key":"price","value":"1,55 €"},{"key":"oldPrice","value":"\n\t\t\t\t\t\n\t\t\t\t\t \n\t\t\t\t"},{"key":"pricePerUnit","value":"(15.50 €/kg)"},{"key":"productDetailsName","value":"Schärdinger - Österkron - 100 G"},{"key":"detailsDescription","value":"100 G"},{"key":"articleNumber","value":"Artikelnummer: 474900"},{"key":"Lagerhinweis:","value":["Vor und nach dem Öffnen gekühlt (3-6°C) lagern. Nach dem Öffnen innerhalb weniger Tage verbrauchen."]},{"key":"Allergene:","value":["Enthält:Milch und daraus gewonnene Erzeugnisse (inkl. Laktose)"]},{"key":"","value":["Laktosefrei"]},{"key":"Identitätskennzeichen:","value":["AT 60212 EG"]},{"key":"Kontakt:","value":["Berglandmilch eGen","Schubertstraße 30, 4600 Wels, Österreich"]}],"nutritions":[{"key":"","value":"Unzubereitet"},{"key":" ","value":"100 g"},{"key":"Energie","value":"1612 kJ | 389 kcal"},{"key":"Fett","value":"33 g"},{"key":"Fett, davon gesättigte Fettsäuren","value":"21 g"},{"key":"Kohlenhydrate","value":"0 g"},{"key":"Kohlenhydrate, davon Zucker","value":"0 g"},{"key":"Eiweiß","value":"23 g"},{"key":"Salz","value":"2 g"}],"tags":["Glutenfrei","Lactosefrei"]},
    {"url":"https://www.interspar.at/shop/lebensmittel/p/5296514","data":[{"key":"price","value":"1,29 €"},{"key":"oldPrice","value":"\n\t\t\t\t\t\n\t\t\t\t\t \n\t\t\t\t"},{"key":"pricePerUnit","value":"(5.16 €/kg)"},{"key":"productDetailsName","value":"Woerle - Salzburger Toast Scheiben - 250 G"},{"key":"detailsDescription","value":"250 G"},{"key":"articleNumber","value":"Artikelnummer: 5296514"},{"key":"Lagerhinweis:","value":["Trocken lagern."]},{"key":"Zutaten:","value":["Zutaten: KÄSE, Wasser, MAGERMILCHPULVER, BUTTER, Schmelzsalze: E331, E339, E452; SÜSSMOLKENPULVER, MILCHEIWEISS, Salz, Säuerungsmittel: Citronensäure. In Großbuchstaben angegebene Zutaten enthalten allergene Inhaltsstoffe."]},{"key":"Allergene:","value":["Enthält:Milch und daraus gewonnene Erzeugnisse (inkl. Laktose)"]},{"key":"Identitätskennzeichen:","value":["AT 50124 EG"]},{"key":"Kontakt:","value":["Gebrüder Woerle Ges.m.b.H.","Enzing 26, 5302 Henndorf, Österreich","woerle@woerle.at"]}],"nutritions":[{"key":"","value":"Unzubereitet"},{"key":" ","value":"100 g"},{"key":"Energie","value":"1040 kJ | 250 kcal"},{"key":"Fett","value":"18 g"},{"key":"Fett, davon gesättigte Fettsäuren","value":"13,1 g"},{"key":"Kohlenhydrate","value":"5 g"},{"key":"Kohlenhydrate, davon Zucker","value":"5 g"},{"key":"Eiweiß","value":"17 g"},{"key":"Salz","value":"2,25 g"}],"tags":["Glutenfrei","immer Billig"]},
    {"url":"https://www.interspar.at/shop/lebensmittel/p/2020000463948","data":[{"key":"price","value":"1,15 €"},{"key":"oldPrice","value":"\n\t\t\t\t\t\n\t\t\t\t\t \n\t\t\t\t"},{"key":"pricePerUnit","value":"(4.60 €/l)"},{"key":"productDetailsName","value":"Rama Cremefine - zum Kochen 15% Fett - 250 ML"},{"key":"detailsDescription","value":"250 ML"},{"key":"articleNumber","value":"Artikelnummer: 2020000463948"},{"key":"Lagerhinweis:","value":["Bei +2 C bis +7 C lagern."]},{"key":"Zutaten:","value":["Zutaten: Trinkwasser, 24% BUTTERMILCH, 14% pflanzliche Öle und Fette (Raps, Palm¹), modifizierte Stärke, Emulgator: Mono- und Diglyceride von Speisefettsäuren, Stabilisatoren: Methylcellulose, Guarkernmehl; Säureregulatoren: Natriumcitrat, Citronensäure; Laktase, Aromen. ¹aus zertifiziert nachhaltigem AnbauIn Großbuchstaben angegebene Zutaten enthalten allergene Inhaltstoffe."]},{"key":"Allergene:","value":["Enthält:Milch und daraus gewonnene Erzeugnisse (inkl. Laktose)"]},{"key":"","value":["laktosefrei (Laktosegehalt unter 0,01 g / 100 ml)"]},{"key":"Kontakt:","value":["Unilever Austria GmbH","Stella-Klein-Löw-Weg 13, 1023 Wien, Österreich"]}],"nutritions":[{"key":"","value":"Unzubereitet"},{"key":" ","value":"100 ml"},{"key":"Energie","value":"614 kJ | 146 kcal"},{"key":"Fett","value":"15 g"},{"key":"Fett, davon gesättigte Fettsäuren","value":"4,9 g"},{"key":"Kohlenhydrate","value":"2,5 g"},{"key":"Kohlenhydrate, davon Zucker","value":"1,2 g"},{"key":"Eiweiß","value":"0,8 g"},{"key":"Salz","value":"0,24 g"}],"tags":["Lactosefrei"]},
    {"url":"https://www.interspar.at/shop/lebensmittel/p/2020000521129","data":[{"key":"price","value":"1,79 €"},{"key":"oldPrice","value":"\n\t\t\t\t\t\n\t\t\t\t\t \n\t\t\t\t"},{"key":"pricePerUnit","value":"(8.14 €/l)"},{"key":"productDetailsName","value":"Starbucks - Cappuccino - 220 ML"},{"key":"detailsDescription","value":"220 ML"},{"key":"articleNumber","value":"Artikelnummer: 2020000521129"},{"key":"Lagerhinweis:","value":["Gekühlt aufbewahren bei 2-8°C."]},{"key":"Zutaten:","value":["Zutaten: 75% MILCH mit 3% Fett im Milchanteil, 19,5% Kaffeezubereitung (Wasser und Kaffee-Extrakt), Zucker 5%, fettarmes Kakaopulver 0,1%, natürliches Aroma, Vanille-Aroma, Säureregulator: Kaliumcarbonat, Stabilisatoren: Carrageen, Guarkernmehl, Emulgatoren: Mono- und Diglyceride von Speisefettsäuren. Kaffee, Zucker und Kakao nach Fairtrade Standards gehandelt, Gesamtanteil 94%, ausgenommen flüssige Zutaten. In Großbuchstaben angegebene Zutaten enthalten allergene Inhaltstoffe."]},{"key":"Allergene:","value":["Enthält:Milch und daraus gewonnene Erzeugnisse (inkl. Laktose)"]},{"key":"Identitätskennzeichen:","value":["DK M 224 EC"]},{"key":"Zusatztext:","value":["Fair Trade"]},{"key":"Kontakt:","value":["Arla Foods Deutschland GmbH","Wahlerstraße 2, 40472 Düsseldorf, Deutschland"]}],"nutritions":[{"key":"","value":"Unzubereitet"},{"key":" ","value":"100 g"},{"key":"Energie","value":"297 kJ | 71 kcal"},{"key":"Fett","value":"2,5 g"},{"key":"Fett, davon gesättigte Fettsäuren","value":"1,6 g"},{"key":"Kohlenhydrate","value":"9,2 g"},{"key":"Kohlenhydrate, davon Zucker","value":"9,1 g"},{"key":"Eiweiß","value":"2,8 g"},{"key":"Salz","value":"0,08 g"}],"tags":["Gekühlt"]},
    {"url":"https://www.interspar.at/shop/lebensmittel/p/2020001036370","data":[{"key":"price","value":"2,25 €"},{"key":"oldPrice","value":"\n\t\t\t\t\t\n\t\t\t\t\t \n\t\t\t\t"},{"key":"pricePerUnit","value":"(16.67 €/kg)"},{"key":"productDetailsName","value":"Spak - Tramezzini Thunfisch - 135 G"},{"key":"detailsDescription","value":"135 G"},{"key":"articleNumber","value":"Artikelnummer: 2020001036370"},{"key":"Lagerhinweis:","value":["gekühlt lagern (+2° - +6°C)"]},{"key":"Zutaten:","value":["Zutaten: 27% Thunfischerzeugnis (THUNFISCH, Sonnenblumenöl, Speisesalz), 17% HÜHNEREIEIWEISS* gekocht, Rapsöl, Trinkwasser, Gemüsezubereitung (Mais, Zwiebeln, Weingeistessig, Konservierungsstoff: E211, Süßungsmittel: E954), 6% HÜHNEREIER* gekocht, Speisesalz, Zucker, Speisegelatine, Kapern, HÜHNEREIGELB*, SENFKORN, Gewürze, Verdickungsmittel: E412, E415, E410; Säuerungsmittel: E270, Farbstoff: E150d, Konservierungsstoff: E202. In Großbuchstaben angegebene Zutaten enthalten allergene Inhaltsstoffe."]},{"key":"Allergene:","value":["Enthält:Eier und daraus gewonnene Erzeugnisse, Fische und daraus gewonnene Erzeugnisse, Senf und daraus gewonnene Erzeugnisse"]},{"key":"Kontakt:","value":["SP Feinkost","Laxenburger Straße 250, 1230 Wien, Österreich"]}],"nutritions":[],"tags":["Gekühlt"]},
    {"url":"https://www.interspar.at/shop/lebensmittel/p/2020001303359","data":[{"key":"price","value":"0,78 €"},{"key":"oldPrice","value":"\n\t\t\t\t\t\n\t\t\t\t\t \n\t\t\t\t"},{"key":"pricePerUnit","value":"(15.50 €/kg)"},{"key":"productDetailsName","value":"Tirol Milch - Heumlich Emmentaler mild - 1 KG"},{"key":"detailsDescription","value":"1 KG"},{"key":"articleNumber","value":"Artikelnummer: 2020001303359"},{"key":"Lagerhinweis:","value":["Vor und nach dem Öffnen gekühlt (3-6°C) lagern. Nach dem Öffnen innerhalb weniger Tage verbrauchen."]},{"key":"Zutaten:","value":["Zutaten: MILCH, Salz, mikrobielles Lab, Käsereikulturen, Rauch. In Großbuchstaben angegeben Zutaten enthalten allergene Inhaltsstoffe."]},{"key":"Allergene:","value":["Enthält:Milch und daraus gewonnene Erzeugnisse (inkl. Laktose)"]},{"key":"","value":["Laktosefrei"]},{"key":"Identitätskennzeichen:","value":["AT 40153 EG"]},{"key":"Kontakt:","value":["Tirol Milch","Lattellaplatz 1, 6300 Wörgl, Österreich"]}],"nutritions":[{"key":"","value":"Unzubereitet"},{"key":" ","value":"100 g"},{"key":"Energie","value":"1640 kJ | 395 kcal"},{"key":"Fett","value":"31 g"},{"key":"Fett, davon gesättigte Fettsäuren","value":"23 g"},{"key":"Kohlenhydrate","value":"0 g"},{"key":"Kohlenhydrate, davon Zucker","value":"0 g"},{"key":"Eiweiß","value":"29 g"},{"key":"Salz","value":"0,8 g"}],"tags":["Gekühlt","Lactosefrei"]},
    {"url":"https://www.interspar.at/shop/lebensmittel/p/2020001806294","data":[{"key":"price","value":"1,79 €"},{"key":"oldPrice","value":"\n\t\t\t\t\t\n\t\t\t\t\t \n\t\t\t\t"},{"key":"pricePerUnit","value":"(8.14 €/l)"},{"key":"productDetailsName","value":"Starbucks - Vanilla Bean Macchiato - 220 ML"},{"key":"detailsDescription","value":"220 ML"},{"key":"articleNumber","value":"Artikelnummer: 2020001806294"},{"key":"Lagerhinweis:","value":["Gekühlt bei +8°C lagern."]},{"key":"Zutaten:","value":["Zutaten: Teilentrahmte MILCH (75%), Kaffeezubereitung (Wasser, Kaffee-Extrakt) (19,8%), Zucker (4,7%), Vanilleextrakt, natürliches Aroma, Säureregulator: Carrageen, Gellan. In Großbuchstaben angegebene Zutaten enthalten allergene Inhaltsstoffe."]},{"key":"Allergene:","value":["Enthält:Milch und daraus gewonnene Erzeugnisse (inkl. Laktose)"]},{"key":"Identitätskennzeichen:","value":["DK M 224 EC"]},{"key":"Kontakt:","value":["Lamercantile GmbH","Baumgasse 70, 1030 Wien, Österreich"]}],"nutritions":[{"key":"","value":"Unzubereitet"},{"key":" ","value":"100 ml"},{"key":"Energie","value":"252 kJ | 60 kcal"},{"key":"Fett","value":"1,4 g"},{"key":"Fett, davon gesättigte Fettsäuren","value":"0,9 g"},{"key":"Kohlenhydrate","value":"8,9 g"},{"key":"Kohlenhydrate, davon Zucker","value":"8,6 g"},{"key":"Eiweiß","value":"2,8 g"},{"key":"Salz","value":"0,09 g"}],"tags":[]},
    {"url":"https://www.interspar.at/shop/lebensmittel/p/2020001847778","data":[{"key":"price","value":"2,49 €"},{"key":"oldPrice","value":"\n\t\t\t\t\t\n\t\t\t\t\t \n\t\t\t\t"},{"key":"pricePerUnit","value":"(7.55 €/l)"},{"key":"productDetailsName","value":"Chiefs - Milk Protein Vanilla Drive - 330 ML"},{"key":"detailsDescription","value":"330 ML"},{"key":"articleNumber","value":"Artikelnummer: 2020001847778"},{"key":"Lagerhinweis:","value":["Ungekühlt bei Raumtemperatur, nicht unterhalb Gefrierpunkt lagern. Nach dem Öffnen gekühlt lagern"]},{"key":"Zutaten:","value":["Zutaten: 43% teilentrahmte MILCH, Wasser, 14% MILCHPROTEINKONZENTRAT , 0,1% Bourbon-Vanilleextrakt, Füllstoff: Polydextrose , Stabilisator: Mikrokristalline Cellulose, modifizierte Stärke, Aroma, färbendes Lebensmittel: Karottenkonzentrat; Süßungsmittel: Sucralose, Acesulfam-K; Säuerungsmittel: Milchsäure, Speisesalz. In Großbuchstaben angegebene Zutaten enthalten allergene Inhaltsstoffe."]},{"key":"Allergene:","value":["Enthält:Milch und daraus gewonnene Erzeugnisse (inkl. Laktose)"]},{"key":"","value":["Ohne Zuckerzusatz -enthält natürliche Zuckerarten aus Frucht- und Milch"]},{"key":"","value":["Laktosefrei","Glutenfrei"]},{"key":"Verwendungshinweis:","value":["und innerhalb eines Tages verzehren. Vor Gebrauch gut schütteln. Ideale Trinktemperatur 5°C"]},{"key":"Kontakt:","value":["Chiefs AG","Baarerstrasse 2, 6304 Zug, Schweiz"]}],"nutritions":[{"key":"","value":"Unzubereitet"},{"key":" ","value":"100 ml"},{"key":"Energie","value":"223 kJ | 53 kcal"},{"key":"Fett","value":"1,1 g"},{"key":"Fett, davon gesättigte Fettsäuren","value":"0,7 g"},{"key":"Kohlenhydrate","value":"2,8 g"},{"key":"Kohlenhydrate, davon Zucker","value":"2,5 g"},{"key":"Ballaststoffe","value":"4 g"},{"key":"Eiweiß","value":"7,9 g"},{"key":"Salz","value":"0,13 g"},{"key":"","value":"Unzubereitet"},{"key":" ","value":"Portion (330 ml)"},{"key":"Energie","value":"736 kJ | 175 kcal"},{"key":"Fett","value":"3,6 g"},{"key":"Fett, davon gesättigte Fettsäuren","value":"2,3 g"},{"key":"Kohlenhydrate","value":"9,2 g"},{"key":"Kohlenhydrate, davon Zucker","value":"8,3 g"},{"key":"Ballaststoffe","value":"13,2 g"},{"key":"Eiweiß","value":"26 g"},{"key":"Salz","value":"0,43 g"}],"tags":["Glutenfrei","Lactosefrei"]},
    {"url":"https://www.interspar.at/shop/lebensmittel/p/2020001862085","data":[{"key":"price","value":"2,25 €"},{"key":"oldPrice","value":"\n\t\t\t\t\t\n\t\t\t\t\t \n\t\t\t\t"},{"key":"pricePerUnit","value":"(16.67 €/kg)"},{"key":"productDetailsName","value":"Spak - Tramezzini Mexican Thunfisch - 135 G"},{"key":"detailsDescription","value":"135 G"},{"key":"articleNumber","value":"Artikelnummer: 2020001862085"},{"key":"Lagerhinweis:","value":["gekühlt lagern bei + 2 °C bis + 6 °C Nach dem Öffnen innerhalb von 5 Tagen verbrauchen"]},{"key":"Zutaten:","value":["Zutaten: 19% THUNFISCH, Rapsöl, Wasser, 11% rote Bohnen, 7% Mais, Lauch, 6% Paprika, Zwiebelzubereitung (Zwiebel, Weingeistessig, Süßungsmittel: Saccharin), Zucker, Speisesalz unjodiert, Weingeistessig, EIGELBPULVER, Sonnenblumenöl, Speisegelatine, Dextrose, SENFKORN, Chilipulver, Gewürze, Maltodextrin, Gewürzextrakte, Verdickungsmittel: Xanthan, Tarakernmehl, Johannisbrotkernmehl, Guarkernmehl; Säuerungsmittel: Milchsäure; Farbstoff: Paprikaextrakt; Konservierungsstoffe: Natriumbenzoat, Kaliumsorbat; modifizierte Stärke. In Großbuchstaben angegebene Zutaten enthalten allergene Inhaltsstoffe."]},{"key":"Allergene:","value":["Enthält:Eier und daraus gewonnene Erzeugnisse, Fische und daraus gewonnene Erzeugnisse, Senf und daraus gewonnene Erzeugnisse"]},{"key":"Kontakt:","value":["SP Feinkost","Laxenburger Straße 250, 1230 Wien, Österreich"]}],"nutritions":[{"key":"","value":"Zubereitet"},{"key":" ","value":"100 g"},{"key":"Energie","value":"1040 kJ | 251 kcal"},{"key":"Fett","value":"22 g"},{"key":"Fett, davon gesättigte Fettsäuren","value":"2,1 g"},{"key":"Kohlenhydrate","value":"6,2 g"},{"key":"Kohlenhydrate, davon Zucker","value":"2,9 g"},{"key":"Ballaststoffe","value":"1,7 g"},{"key":"Eiweiß","value":"6,3 g"},{"key":"Salz","value":"1,7 g"},{"key":"Broteinheiten","value":"0,5 BE"}],"tags":["Gekühlt"]},
    {"url":"https://www.interspar.at/shop/lebensmittel/p/2209852","data":[{"key":"price","value":"0,99 €"},{"key":"oldPrice","value":"\n\t\t\t\t\t\n\t\t\t\t\t \n\t\t\t\t"},{"key":"pricePerUnit","value":"(9.90 €/kg)"},{"key":"productDetailsName","value":"Feinkost Leitinger - Premium Kartoffelsalat - 1 KG"},{"key":"detailsDescription","value":"1 KG"},{"key":"articleNumber","value":"Artikelnummer: 2209852"},{"key":"Lagerhinweis:","value":["Gekühlt lagern bei +2 bis +6°C."]},{"key":"Zutaten:","value":["Zutaten: 57% Kartoffeln, Trinkwasser, Pflanzenöl, Zwiebeln, Zucker, Weingeistessig, Aroma, Weißweinessig, Schnittlauch, Gewürzzubereitung (Pflanzliche Brühe (Würze (mit SOJA), Salz unjodiert, pflanzliches Fett, Gewürzextrakte), Gewürzextrakte (mit SELLERIE), Salz unjodiert, Stärke, Saccharose, Hefeextrakt, Gemüse (Tomate, Petersilie, Pastinake, Zwiebel, Karotte, Lauch), pflanzliches Fett gehärtet, Gewürze, Shiitake-Pilze), Senf (Trinkwasser, SENFSAAT, Weingeistessig, Zucker, Salz unjodiert, Gewürze), Kräuter, Gewürze, Salz unjodiert, modifizierte Stärke, Gewürzextrakte, Speisewürze, Hefeextrakt, Maltodextrine, Pfeffer, Konservierungsstoff: Kaliumsorbat, Natriumbenzoat. In Großbuchstaben angegebene Zutaten enthalten allergene Inhaltsstoffe."]},{"key":"Allergene:","value":["Enthält:Sellerie und daraus gewonnene Erzeugnisse, Senf und daraus gewonnene Erzeugnisse, Sojabohnen und daraus gewonnene Erzeugnisse"]},{"key":"Kontakt:","value":["Feinkost Leitinger","Römerstraße 8, 5322 Hof bei Salzburg, Österreich"]}],"nutritions":[{"key":"","value":"Zubereitet"},{"key":" ","value":"100 g"},{"key":"Energie","value":"461 kJ | 110 kcal"},{"key":"Fett","value":"5,5 g"},{"key":"Fett, davon gesättigte Fettsäuren","value":"0,7 g"},{"key":"Kohlenhydrate","value":"12,8 g"},{"key":"Kohlenhydrate, davon Zucker","value":"1 g"},{"key":"Ballaststoffe","value":"1 g"},{"key":"Eiweiß","value":"1,4 g"},{"key":"Salz","value":"0,46 g"},{"key":"Broteinheiten","value":"1,1 BE"}],"tags":["Gekühlt","Glutenfrei","Lactosefrei"]},
    {"url":"https://www.interspar.at/shop/lebensmittel/p/2381008","data":[{"key":"price","value":"5,99 €"},{"key":"oldPrice","value":"\n\t\t\t\t\t\n\t\t\t\t\t \n\t\t\t\t"},{"key":"pricePerUnit","value":"(11.98 €/kg)"},{"key":"productDetailsName","value":"Woerle - Emmentaler Der Milde - 500 G"},{"key":"detailsDescription","value":"500 G"},{"key":"articleNumber","value":"Artikelnummer: 2381008"},{"key":"Lagerhinweis:","value":["Bei +2°C bis +7°C lagern. Nach dem Öffnen der Packung sollte das Produkt rasch verzehrt werden."]},{"key":"Zutaten:","value":["Zutaten: MILCH, Salz, Milchsäurebakterienkulturen, Lab, Propionsäurebakterien. In Großbuchstaben angegebene Zutaten enthalten allergene Inhaltsstoffe."]},{"key":"Allergene:","value":["Enthält:Milch und daraus gewonnene Erzeugnisse (inkl. Laktose)"]},{"key":"Identitätskennzeichen:","value":["AT 50124 EG"]},{"key":"Kontakt:","value":["Gebrüder Woerle Ges.m.b.H.","Enzing 26, 5302 Henndorf, Österreich","woerle@woerle.at"]}],"nutritions":[{"key":"","value":"Unzubereitet"},{"key":" ","value":"100 g"},{"key":"Energie","value":"1603 kJ | 386 kcal"},{"key":"Fett","value":"30 g"},{"key":"Fett, davon gesättigte Fettsäuren","value":"21,9 g"},{"key":"Kohlenhydrate","value":"0 g"},{"key":"Kohlenhydrate, davon Zucker","value":"0 g"},{"key":"Eiweiß","value":"29 g"},{"key":"Salz","value":"0,6 g"}],"tags":["Gekühlt","Glutenfrei","Lactosefrei"]},
    {"url":"https://www.interspar.at/shop/lebensmittel/p/3076330","data":[{"key":"price","value":"1,15 €"},{"key":"oldPrice","value":"\n\t\t\t\t\t\n\t\t\t\t\t \n\t\t\t\t"},{"key":"pricePerUnit","value":"(5.75 €/kg)"},{"key":"productDetailsName","value":"Rama - Cremefine wie Crème fraîche zu verwenden - 200 G"},{"key":"detailsDescription","value":"200 G"},{"key":"articleNumber","value":"Artikelnummer: 3076330"},{"key":"Lagerhinweis:","value":["Bei +2 °C bis +7 °C lagern."]},{"key":"Zutaten:","value":["Zutaten: 63% BUTTERMILCH, 20% MAGERMILCH, 15% pflanzliche Fette (Palm), modifizierte Stärke, Stabilisatoren (Guarkernmehl, Pektin), Milchsäurebakterienkulturen, Farbstoff (Carotine). In Großbuchstaben angegebene Zutaten enthalten allergene Inhaltsstoffe."]},{"key":"Allergene:","value":["Enthält:Milch und daraus gewonnene Erzeugnisse (inkl. Laktose)"]},{"key":"","value":["15% Fett - 50% weniger Fett als Crème fraîche"]},{"key":"Verwendungshinweis:","value":["Nach dem Öffnen alsbald verzehren."]},{"key":"Kontakt:","value":["Unilever Austria GmbH","Stella-Klein-Löw-Weg 13, Postfach 10, 1023 Wien, Österreich","www.rama-cremefine.at"]}],"nutritions":[{"key":"","value":"Unzubereitet"},{"key":" ","value":"100 ml"},{"key":"Energie","value":"700 kJ | 170 kcal"},{"key":"Fett","value":"15 g"},{"key":"Fett, davon gesättigte Fettsäuren","value":"9 g"},{"key":"Kohlenhydrate","value":"5 g"},{"key":"Kohlenhydrate, davon Zucker","value":"4 g"},{"key":"Eiweiß","value":"3 g"},{"key":"Salz","value":"0,12 g"}],"tags":[]},
    {"url":"https://www.interspar.at/shop/lebensmittel/p/474900","data":[{"key":"price","value":"1,55 €"},{"key":"oldPrice","value":"\n\t\t\t\t\t\n\t\t\t\t\t \n\t\t\t\t"},{"key":"pricePerUnit","value":"(15.50 €/kg)"},{"key":"productDetailsName","value":"Schärdinger - Österkron - 100 G"},{"key":"detailsDescription","value":"100 G"},{"key":"articleNumber","value":"Artikelnummer: 474900"},{"key":"Lagerhinweis:","value":["Vor und nach dem Öffnen gekühlt (3-6°C) lagern. Nach dem Öffnen innerhalb weniger Tage verbrauchen."]},{"key":"Allergene:","value":["Enthält:Milch und daraus gewonnene Erzeugnisse (inkl. Laktose)"]},{"key":"","value":["Laktosefrei"]},{"key":"Identitätskennzeichen:","value":["AT 60212 EG"]},{"key":"Kontakt:","value":["Berglandmilch eGen","Schubertstraße 30, 4600 Wels, Österreich"]}],"nutritions":[{"key":"","value":"Unzubereitet"},{"key":" ","value":"100 g"},{"key":"Energie","value":"1612 kJ | 389 kcal"},{"key":"Fett","value":"33 g"},{"key":"Fett, davon gesättigte Fettsäuren","value":"21 g"},{"key":"Kohlenhydrate","value":"0 g"},{"key":"Kohlenhydrate, davon Zucker","value":"0 g"},{"key":"Eiweiß","value":"23 g"},{"key":"Salz","value":"2 g"}],"tags":["Glutenfrei","Lactosefrei"]},
    {"url":"https://www.interspar.at/shop/lebensmittel/p/5296514","data":[{"key":"price","value":"1,29 €"},{"key":"oldPrice","value":"\n\t\t\t\t\t\n\t\t\t\t\t \n\t\t\t\t"},{"key":"pricePerUnit","value":"(5.16 €/kg)"},{"key":"productDetailsName","value":"Woerle - Salzburger Toast Scheiben - 250 G"},{"key":"detailsDescription","value":"250 G"},{"key":"articleNumber","value":"Artikelnummer: 5296514"},{"key":"Lagerhinweis:","value":["Trocken lagern."]},{"key":"Zutaten:","value":["Zutaten: KÄSE, Wasser, MAGERMILCHPULVER, BUTTER, Schmelzsalze: E331, E339, E452; SÜSSMOLKENPULVER, MILCHEIWEISS, Salz, Säuerungsmittel: Citronensäure. In Großbuchstaben angegebene Zutaten enthalten allergene Inhaltsstoffe."]},{"key":"Allergene:","value":["Enthält:Milch und daraus gewonnene Erzeugnisse (inkl. Laktose)"]},{"key":"Identitätskennzeichen:","value":["AT 50124 EG"]},{"key":"Kontakt:","value":["Gebrüder Woerle Ges.m.b.H.","Enzing 26, 5302 Henndorf, Österreich","woerle@woerle.at"]}],"nutritions":[{"key":"","value":"Unzubereitet"},{"key":" ","value":"100 g"},{"key":"Energie","value":"1040 kJ | 250 kcal"},{"key":"Fett","value":"18 g"},{"key":"Fett, davon gesättigte Fettsäuren","value":"13,1 g"},{"key":"Kohlenhydrate","value":"5 g"},{"key":"Kohlenhydrate, davon Zucker","value":"5 g"},{"key":"Eiweiß","value":"17 g"},{"key":"Salz","value":"2,25 g"}],"tags":["Glutenfrei","immer Billig"]},
    {"url":"https://www.interspar.at/shop/lebensmittel/p/2020000463948","data":[{"key":"price","value":"1,15 €"},{"key":"oldPrice","value":"\n\t\t\t\t\t\n\t\t\t\t\t \n\t\t\t\t"},{"key":"pricePerUnit","value":"(4.60 €/l)"},{"key":"productDetailsName","value":"Rama Cremefine - zum Kochen 15% Fett - 250 ML"},{"key":"detailsDescription","value":"250 ML"},{"key":"articleNumber","value":"Artikelnummer: 2020000463948"},{"key":"Lagerhinweis:","value":["Bei +2 C bis +7 C lagern."]},{"key":"Zutaten:","value":["Zutaten: Trinkwasser, 24% BUTTERMILCH, 14% pflanzliche Öle und Fette (Raps, Palm¹), modifizierte Stärke, Emulgator: Mono- und Diglyceride von Speisefettsäuren, Stabilisatoren: Methylcellulose, Guarkernmehl; Säureregulatoren: Natriumcitrat, Citronensäure; Laktase, Aromen. ¹aus zertifiziert nachhaltigem AnbauIn Großbuchstaben angegebene Zutaten enthalten allergene Inhaltstoffe."]},{"key":"Allergene:","value":["Enthält:Milch und daraus gewonnene Erzeugnisse (inkl. Laktose)"]},{"key":"","value":["laktosefrei (Laktosegehalt unter 0,01 g / 100 ml)"]},{"key":"Kontakt:","value":["Unilever Austria GmbH","Stella-Klein-Löw-Weg 13, 1023 Wien, Österreich"]}],"nutritions":[{"key":"","value":"Unzubereitet"},{"key":" ","value":"100 ml"},{"key":"Energie","value":"614 kJ | 146 kcal"},{"key":"Fett","value":"15 g"},{"key":"Fett, davon gesättigte Fettsäuren","value":"4,9 g"},{"key":"Kohlenhydrate","value":"2,5 g"},{"key":"Kohlenhydrate, davon Zucker","value":"1,2 g"},{"key":"Eiweiß","value":"0,8 g"},{"key":"Salz","value":"0,24 g"}],"tags":["Lactosefrei"]},
    {"url":"https://www.interspar.at/shop/lebensmittel/p/2020000521129","data":[{"key":"price","value":"1,79 €"},{"key":"oldPrice","value":"\n\t\t\t\t\t\n\t\t\t\t\t \n\t\t\t\t"},{"key":"pricePerUnit","value":"(8.14 €/l)"},{"key":"productDetailsName","value":"Starbucks - Cappuccino - 220 ML"},{"key":"detailsDescription","value":"220 ML"},{"key":"articleNumber","value":"Artikelnummer: 2020000521129"},{"key":"Lagerhinweis:","value":["Gekühlt aufbewahren bei 2-8°C."]},{"key":"Zutaten:","value":["Zutaten: 75% MILCH mit 3% Fett im Milchanteil, 19,5% Kaffeezubereitung (Wasser und Kaffee-Extrakt), Zucker 5%, fettarmes Kakaopulver 0,1%, natürliches Aroma, Vanille-Aroma, Säureregulator: Kaliumcarbonat, Stabilisatoren: Carrageen, Guarkernmehl, Emulgatoren: Mono- und Diglyceride von Speisefettsäuren. Kaffee, Zucker und Kakao nach Fairtrade Standards gehandelt, Gesamtanteil 94%, ausgenommen flüssige Zutaten. In Großbuchstaben angegebene Zutaten enthalten allergene Inhaltstoffe."]},{"key":"Allergene:","value":["Enthält:Milch und daraus gewonnene Erzeugnisse (inkl. Laktose)"]},{"key":"Identitätskennzeichen:","value":["DK M 224 EC"]},{"key":"Zusatztext:","value":["Fair Trade"]},{"key":"Kontakt:","value":["Arla Foods Deutschland GmbH","Wahlerstraße 2, 40472 Düsseldorf, Deutschland"]}],"nutritions":[{"key":"","value":"Unzubereitet"},{"key":" ","value":"100 g"},{"key":"Energie","value":"297 kJ | 71 kcal"},{"key":"Fett","value":"2,5 g"},{"key":"Fett, davon gesättigte Fettsäuren","value":"1,6 g"},{"key":"Kohlenhydrate","value":"9,2 g"},{"key":"Kohlenhydrate, davon Zucker","value":"9,1 g"},{"key":"Eiweiß","value":"2,8 g"},{"key":"Salz","value":"0,08 g"}],"tags":["Gekühlt"]},
    {"url":"https://www.interspar.at/shop/lebensmittel/p/2020001036370","data":[{"key":"price","value":"2,25 €"},{"key":"oldPrice","value":"\n\t\t\t\t\t\n\t\t\t\t\t \n\t\t\t\t"},{"key":"pricePerUnit","value":"(16.67 €/kg)"},{"key":"productDetailsName","value":"Spak - Tramezzini Thunfisch - 135 G"},{"key":"detailsDescription","value":"135 G"},{"key":"articleNumber","value":"Artikelnummer: 2020001036370"},{"key":"Lagerhinweis:","value":["gekühlt lagern (+2° - +6°C)"]},{"key":"Zutaten:","value":["Zutaten: 27% Thunfischerzeugnis (THUNFISCH, Sonnenblumenöl, Speisesalz), 17% HÜHNEREIEIWEISS* gekocht, Rapsöl, Trinkwasser, Gemüsezubereitung (Mais, Zwiebeln, Weingeistessig, Konservierungsstoff: E211, Süßungsmittel: E954), 6% HÜHNEREIER* gekocht, Speisesalz, Zucker, Speisegelatine, Kapern, HÜHNEREIGELB*, SENFKORN, Gewürze, Verdickungsmittel: E412, E415, E410; Säuerungsmittel: E270, Farbstoff: E150d, Konservierungsstoff: E202. In Großbuchstaben angegebene Zutaten enthalten allergene Inhaltsstoffe."]},{"key":"Allergene:","value":["Enthält:Eier und daraus gewonnene Erzeugnisse, Fische und daraus gewonnene Erzeugnisse, Senf und daraus gewonnene Erzeugnisse"]},{"key":"Kontakt:","value":["SP Feinkost","Laxenburger Straße 250, 1230 Wien, Österreich"]}],"nutritions":[],"tags":["Gekühlt"]},
    {"url":"https://www.interspar.at/shop/lebensmittel/p/2020001303359","data":[{"key":"price","value":"0,78 €"},{"key":"oldPrice","value":"\n\t\t\t\t\t\n\t\t\t\t\t \n\t\t\t\t"},{"key":"pricePerUnit","value":"(15.50 €/kg)"},{"key":"productDetailsName","value":"Tirol Milch - Heumlich Emmentaler mild - 1 KG"},{"key":"detailsDescription","value":"1 KG"},{"key":"articleNumber","value":"Artikelnummer: 2020001303359"},{"key":"Lagerhinweis:","value":["Vor und nach dem Öffnen gekühlt (3-6°C) lagern. Nach dem Öffnen innerhalb weniger Tage verbrauchen."]},{"key":"Zutaten:","value":["Zutaten: MILCH, Salz, mikrobielles Lab, Käsereikulturen, Rauch. In Großbuchstaben angegeben Zutaten enthalten allergene Inhaltsstoffe."]},{"key":"Allergene:","value":["Enthält:Milch und daraus gewonnene Erzeugnisse (inkl. Laktose)"]},{"key":"","value":["Laktosefrei"]},{"key":"Identitätskennzeichen:","value":["AT 40153 EG"]},{"key":"Kontakt:","value":["Tirol Milch","Lattellaplatz 1, 6300 Wörgl, Österreich"]}],"nutritions":[{"key":"","value":"Unzubereitet"},{"key":" ","value":"100 g"},{"key":"Energie","value":"1640 kJ | 395 kcal"},{"key":"Fett","value":"31 g"},{"key":"Fett, davon gesättigte Fettsäuren","value":"23 g"},{"key":"Kohlenhydrate","value":"0 g"},{"key":"Kohlenhydrate, davon Zucker","value":"0 g"},{"key":"Eiweiß","value":"29 g"},{"key":"Salz","value":"0,8 g"}],"tags":["Gekühlt","Lactosefrei"]},
    {"url":"https://www.interspar.at/shop/lebensmittel/p/2020001806294","data":[{"key":"price","value":"1,79 €"},{"key":"oldPrice","value":"\n\t\t\t\t\t\n\t\t\t\t\t \n\t\t\t\t"},{"key":"pricePerUnit","value":"(8.14 €/l)"},{"key":"productDetailsName","value":"Starbucks - Vanilla Bean Macchiato - 220 ML"},{"key":"detailsDescription","value":"220 ML"},{"key":"articleNumber","value":"Artikelnummer: 2020001806294"},{"key":"Lagerhinweis:","value":["Gekühlt bei +8°C lagern."]},{"key":"Zutaten:","value":["Zutaten: Teilentrahmte MILCH (75%), Kaffeezubereitung (Wasser, Kaffee-Extrakt) (19,8%), Zucker (4,7%), Vanilleextrakt, natürliches Aroma, Säureregulator: Carrageen, Gellan. In Großbuchstaben angegebene Zutaten enthalten allergene Inhaltsstoffe."]},{"key":"Allergene:","value":["Enthält:Milch und daraus gewonnene Erzeugnisse (inkl. Laktose)"]},{"key":"Identitätskennzeichen:","value":["DK M 224 EC"]},{"key":"Kontakt:","value":["Lamercantile GmbH","Baumgasse 70, 1030 Wien, Österreich"]}],"nutritions":[{"key":"","value":"Unzubereitet"},{"key":" ","value":"100 ml"},{"key":"Energie","value":"252 kJ | 60 kcal"},{"key":"Fett","value":"1,4 g"},{"key":"Fett, davon gesättigte Fettsäuren","value":"0,9 g"},{"key":"Kohlenhydrate","value":"8,9 g"},{"key":"Kohlenhydrate, davon Zucker","value":"8,6 g"},{"key":"Eiweiß","value":"2,8 g"},{"key":"Salz","value":"0,09 g"}],"tags":[]},
    {"url":"https://www.interspar.at/shop/lebensmittel/p/2020001847778","data":[{"key":"price","value":"2,49 €"},{"key":"oldPrice","value":"\n\t\t\t\t\t\n\t\t\t\t\t \n\t\t\t\t"},{"key":"pricePerUnit","value":"(7.55 €/l)"},{"key":"productDetailsName","value":"Chiefs - Milk Protein Vanilla Drive - 330 ML"},{"key":"detailsDescription","value":"330 ML"},{"key":"articleNumber","value":"Artikelnummer: 2020001847778"},{"key":"Lagerhinweis:","value":["Ungekühlt bei Raumtemperatur, nicht unterhalb Gefrierpunkt lagern. Nach dem Öffnen gekühlt lagern"]},{"key":"Zutaten:","value":["Zutaten: 43% teilentrahmte MILCH, Wasser, 14% MILCHPROTEINKONZENTRAT , 0,1% Bourbon-Vanilleextrakt, Füllstoff: Polydextrose , Stabilisator: Mikrokristalline Cellulose, modifizierte Stärke, Aroma, färbendes Lebensmittel: Karottenkonzentrat; Süßungsmittel: Sucralose, Acesulfam-K; Säuerungsmittel: Milchsäure, Speisesalz. In Großbuchstaben angegebene Zutaten enthalten allergene Inhaltsstoffe."]},{"key":"Allergene:","value":["Enthält:Milch und daraus gewonnene Erzeugnisse (inkl. Laktose)"]},{"key":"","value":["Ohne Zuckerzusatz -enthält natürliche Zuckerarten aus Frucht- und Milch"]},{"key":"","value":["Laktosefrei","Glutenfrei"]},{"key":"Verwendungshinweis:","value":["und innerhalb eines Tages verzehren. Vor Gebrauch gut schütteln. Ideale Trinktemperatur 5°C"]},{"key":"Kontakt:","value":["Chiefs AG","Baarerstrasse 2, 6304 Zug, Schweiz"]}],"nutritions":[{"key":"","value":"Unzubereitet"},{"key":" ","value":"100 ml"},{"key":"Energie","value":"223 kJ | 53 kcal"},{"key":"Fett","value":"1,1 g"},{"key":"Fett, davon gesättigte Fettsäuren","value":"0,7 g"},{"key":"Kohlenhydrate","value":"2,8 g"},{"key":"Kohlenhydrate, davon Zucker","value":"2,5 g"},{"key":"Ballaststoffe","value":"4 g"},{"key":"Eiweiß","value":"7,9 g"},{"key":"Salz","value":"0,13 g"},{"key":"","value":"Unzubereitet"},{"key":" ","value":"Portion (330 ml)"},{"key":"Energie","value":"736 kJ | 175 kcal"},{"key":"Fett","value":"3,6 g"},{"key":"Fett, davon gesättigte Fettsäuren","value":"2,3 g"},{"key":"Kohlenhydrate","value":"9,2 g"},{"key":"Kohlenhydrate, davon Zucker","value":"8,3 g"},{"key":"Ballaststoffe","value":"13,2 g"},{"key":"Eiweiß","value":"26 g"},{"key":"Salz","value":"0,43 g"}],"tags":["Glutenfrei","Lactosefrei"]},
    {"url":"https://www.interspar.at/shop/lebensmittel/p/2020001862085","data":[{"key":"price","value":"2,25 €"},{"key":"oldPrice","value":"\n\t\t\t\t\t\n\t\t\t\t\t \n\t\t\t\t"},{"key":"pricePerUnit","value":"(16.67 €/kg)"},{"key":"productDetailsName","value":"Spak - Tramezzini Mexican Thunfisch - 135 G"},{"key":"detailsDescription","value":"135 G"},{"key":"articleNumber","value":"Artikelnummer: 2020001862085"},{"key":"Lagerhinweis:","value":["gekühlt lagern bei + 2 °C bis + 6 °C Nach dem Öffnen innerhalb von 5 Tagen verbrauchen"]},{"key":"Zutaten:","value":["Zutaten: 19% THUNFISCH, Rapsöl, Wasser, 11% rote Bohnen, 7% Mais, Lauch, 6% Paprika, Zwiebelzubereitung (Zwiebel, Weingeistessig, Süßungsmittel: Saccharin), Zucker, Speisesalz unjodiert, Weingeistessig, EIGELBPULVER, Sonnenblumenöl, Speisegelatine, Dextrose, SENFKORN, Chilipulver, Gewürze, Maltodextrin, Gewürzextrakte, Verdickungsmittel: Xanthan, Tarakernmehl, Johannisbrotkernmehl, Guarkernmehl; Säuerungsmittel: Milchsäure; Farbstoff: Paprikaextrakt; Konservierungsstoffe: Natriumbenzoat, Kaliumsorbat; modifizierte Stärke. In Großbuchstaben angegebene Zutaten enthalten allergene Inhaltsstoffe."]},{"key":"Allergene:","value":["Enthält:Eier und daraus gewonnene Erzeugnisse, Fische und daraus gewonnene Erzeugnisse, Senf und daraus gewonnene Erzeugnisse"]},{"key":"Kontakt:","value":["SP Feinkost","Laxenburger Straße 250, 1230 Wien, Österreich"]}],"nutritions":[{"key":"","value":"Zubereitet"},{"key":" ","value":"100 g"},{"key":"Energie","value":"1040 kJ | 251 kcal"},{"key":"Fett","value":"22 g"},{"key":"Fett, davon gesättigte Fettsäuren","value":"2,1 g"},{"key":"Kohlenhydrate","value":"6,2 g"},{"key":"Kohlenhydrate, davon Zucker","value":"2,9 g"},{"key":"Ballaststoffe","value":"1,7 g"},{"key":"Eiweiß","value":"6,3 g"},{"key":"Salz","value":"1,7 g"},{"key":"Broteinheiten","value":"0,5 BE"}],"tags":["Gekühlt"]},
    {"url":"https://www.interspar.at/shop/lebensmittel/p/2209852","data":[{"key":"price","value":"0,99 €"},{"key":"oldPrice","value":"\n\t\t\t\t\t\n\t\t\t\t\t \n\t\t\t\t"},{"key":"pricePerUnit","value":"(9.90 €/kg)"},{"key":"productDetailsName","value":"Feinkost Leitinger - Premium Kartoffelsalat - 1 KG"},{"key":"detailsDescription","value":"1 KG"},{"key":"articleNumber","value":"Artikelnummer: 2209852"},{"key":"Lagerhinweis:","value":["Gekühlt lagern bei +2 bis +6°C."]},{"key":"Zutaten:","value":["Zutaten: 57% Kartoffeln, Trinkwasser, Pflanzenöl, Zwiebeln, Zucker, Weingeistessig, Aroma, Weißweinessig, Schnittlauch, Gewürzzubereitung (Pflanzliche Brühe (Würze (mit SOJA), Salz unjodiert, pflanzliches Fett, Gewürzextrakte), Gewürzextrakte (mit SELLERIE), Salz unjodiert, Stärke, Saccharose, Hefeextrakt, Gemüse (Tomate, Petersilie, Pastinake, Zwiebel, Karotte, Lauch), pflanzliches Fett gehärtet, Gewürze, Shiitake-Pilze), Senf (Trinkwasser, SENFSAAT, Weingeistessig, Zucker, Salz unjodiert, Gewürze), Kräuter, Gewürze, Salz unjodiert, modifizierte Stärke, Gewürzextrakte, Speisewürze, Hefeextrakt, Maltodextrine, Pfeffer, Konservierungsstoff: Kaliumsorbat, Natriumbenzoat. In Großbuchstaben angegebene Zutaten enthalten allergene Inhaltsstoffe."]},{"key":"Allergene:","value":["Enthält:Sellerie und daraus gewonnene Erzeugnisse, Senf und daraus gewonnene Erzeugnisse, Sojabohnen und daraus gewonnene Erzeugnisse"]},{"key":"Kontakt:","value":["Feinkost Leitinger","Römerstraße 8, 5322 Hof bei Salzburg, Österreich"]}],"nutritions":[{"key":"","value":"Zubereitet"},{"key":" ","value":"100 g"},{"key":"Energie","value":"461 kJ | 110 kcal"},{"key":"Fett","value":"5,5 g"},{"key":"Fett, davon gesättigte Fettsäuren","value":"0,7 g"},{"key":"Kohlenhydrate","value":"12,8 g"},{"key":"Kohlenhydrate, davon Zucker","value":"1 g"},{"key":"Ballaststoffe","value":"1 g"},{"key":"Eiweiß","value":"1,4 g"},{"key":"Salz","value":"0,46 g"},{"key":"Broteinheiten","value":"1,1 BE"}],"tags":["Gekühlt","Glutenfrei","Lactosefrei"]},
    {"url":"https://www.interspar.at/shop/lebensmittel/p/2381008","data":[{"key":"price","value":"5,99 €"},{"key":"oldPrice","value":"\n\t\t\t\t\t\n\t\t\t\t\t \n\t\t\t\t"},{"key":"pricePerUnit","value":"(11.98 €/kg)"},{"key":"productDetailsName","value":"Woerle - Emmentaler Der Milde - 500 G"},{"key":"detailsDescription","value":"500 G"},{"key":"articleNumber","value":"Artikelnummer: 2381008"},{"key":"Lagerhinweis:","value":["Bei +2°C bis +7°C lagern. Nach dem Öffnen der Packung sollte das Produkt rasch verzehrt werden."]},{"key":"Zutaten:","value":["Zutaten: MILCH, Salz, Milchsäurebakterienkulturen, Lab, Propionsäurebakterien. In Großbuchstaben angegebene Zutaten enthalten allergene Inhaltsstoffe."]},{"key":"Allergene:","value":["Enthält:Milch und daraus gewonnene Erzeugnisse (inkl. Laktose)"]},{"key":"Identitätskennzeichen:","value":["AT 50124 EG"]},{"key":"Kontakt:","value":["Gebrüder Woerle Ges.m.b.H.","Enzing 26, 5302 Henndorf, Österreich","woerle@woerle.at"]}],"nutritions":[{"key":"","value":"Unzubereitet"},{"key":" ","value":"100 g"},{"key":"Energie","value":"1603 kJ | 386 kcal"},{"key":"Fett","value":"30 g"},{"key":"Fett, davon gesättigte Fettsäuren","value":"21,9 g"},{"key":"Kohlenhydrate","value":"0 g"},{"key":"Kohlenhydrate, davon Zucker","value":"0 g"},{"key":"Eiweiß","value":"29 g"},{"key":"Salz","value":"0,6 g"}],"tags":["Gekühlt","Glutenfrei","Lactosefrei"]},
    {"url":"https://www.interspar.at/shop/lebensmittel/p/3076330","data":[{"key":"price","value":"1,15 €"},{"key":"oldPrice","value":"\n\t\t\t\t\t\n\t\t\t\t\t \n\t\t\t\t"},{"key":"pricePerUnit","value":"(5.75 €/kg)"},{"key":"productDetailsName","value":"Rama - Cremefine wie Crème fraîche zu verwenden - 200 G"},{"key":"detailsDescription","value":"200 G"},{"key":"articleNumber","value":"Artikelnummer: 3076330"},{"key":"Lagerhinweis:","value":["Bei +2 °C bis +7 °C lagern."]},{"key":"Zutaten:","value":["Zutaten: 63% BUTTERMILCH, 20% MAGERMILCH, 15% pflanzliche Fette (Palm), modifizierte Stärke, Stabilisatoren (Guarkernmehl, Pektin), Milchsäurebakterienkulturen, Farbstoff (Carotine). In Großbuchstaben angegebene Zutaten enthalten allergene Inhaltsstoffe."]},{"key":"Allergene:","value":["Enthält:Milch und daraus gewonnene Erzeugnisse (inkl. Laktose)"]},{"key":"","value":["15% Fett - 50% weniger Fett als Crème fraîche"]},{"key":"Verwendungshinweis:","value":["Nach dem Öffnen alsbald verzehren."]},{"key":"Kontakt:","value":["Unilever Austria GmbH","Stella-Klein-Löw-Weg 13, Postfach 10, 1023 Wien, Österreich","www.rama-cremefine.at"]}],"nutritions":[{"key":"","value":"Unzubereitet"},{"key":" ","value":"100 ml"},{"key":"Energie","value":"700 kJ | 170 kcal"},{"key":"Fett","value":"15 g"},{"key":"Fett, davon gesättigte Fettsäuren","value":"9 g"},{"key":"Kohlenhydrate","value":"5 g"},{"key":"Kohlenhydrate, davon Zucker","value":"4 g"},{"key":"Eiweiß","value":"3 g"},{"key":"Salz","value":"0,12 g"}],"tags":[]},
    {"url":"https://www.interspar.at/shop/lebensmittel/p/474900","data":[{"key":"price","value":"1,55 €"},{"key":"oldPrice","value":"\n\t\t\t\t\t\n\t\t\t\t\t \n\t\t\t\t"},{"key":"pricePerUnit","value":"(15.50 €/kg)"},{"key":"productDetailsName","value":"Schärdinger - Österkron - 100 G"},{"key":"detailsDescription","value":"100 G"},{"key":"articleNumber","value":"Artikelnummer: 474900"},{"key":"Lagerhinweis:","value":["Vor und nach dem Öffnen gekühlt (3-6°C) lagern. Nach dem Öffnen innerhalb weniger Tage verbrauchen."]},{"key":"Allergene:","value":["Enthält:Milch und daraus gewonnene Erzeugnisse (inkl. Laktose)"]},{"key":"","value":["Laktosefrei"]},{"key":"Identitätskennzeichen:","value":["AT 60212 EG"]},{"key":"Kontakt:","value":["Berglandmilch eGen","Schubertstraße 30, 4600 Wels, Österreich"]}],"nutritions":[{"key":"","value":"Unzubereitet"},{"key":" ","value":"100 g"},{"key":"Energie","value":"1612 kJ | 389 kcal"},{"key":"Fett","value":"33 g"},{"key":"Fett, davon gesättigte Fettsäuren","value":"21 g"},{"key":"Kohlenhydrate","value":"0 g"},{"key":"Kohlenhydrate, davon Zucker","value":"0 g"},{"key":"Eiweiß","value":"23 g"},{"key":"Salz","value":"2 g"}],"tags":["Glutenfrei","Lactosefrei"]},
    {"url":"https://www.interspar.at/shop/lebensmittel/p/5296514","data":[{"key":"price","value":"1,29 €"},{"key":"oldPrice","value":"\n\t\t\t\t\t\n\t\t\t\t\t \n\t\t\t\t"},{"key":"pricePerUnit","value":"(5.16 €/kg)"},{"key":"productDetailsName","value":"Woerle - Salzburger Toast Scheiben - 250 G"},{"key":"detailsDescription","value":"250 G"},{"key":"articleNumber","value":"Artikelnummer: 5296514"},{"key":"Lagerhinweis:","value":["Trocken lagern."]},{"key":"Zutaten:","value":["Zutaten: KÄSE, Wasser, MAGERMILCHPULVER, BUTTER, Schmelzsalze: E331, E339, E452; SÜSSMOLKENPULVER, MILCHEIWEISS, Salz, Säuerungsmittel: Citronensäure. In Großbuchstaben angegebene Zutaten enthalten allergene Inhaltsstoffe."]},{"key":"Allergene:","value":["Enthält:Milch und daraus gewonnene Erzeugnisse (inkl. Laktose)"]},{"key":"Identitätskennzeichen:","value":["AT 50124 EG"]},{"key":"Kontakt:","value":["Gebrüder Woerle Ges.m.b.H.","Enzing 26, 5302 Henndorf, Österreich","woerle@woerle.at"]}],"nutritions":[{"key":"","value":"Unzubereitet"},{"key":" ","value":"100 g"},{"key":"Energie","value":"1040 kJ | 250 kcal"},{"key":"Fett","value":"18 g"},{"key":"Fett, davon gesättigte Fettsäuren","value":"13,1 g"},{"key":"Kohlenhydrate","value":"5 g"},{"key":"Kohlenhydrate, davon Zucker","value":"5 g"},{"key":"Eiweiß","value":"17 g"},{"key":"Salz","value":"2,25 g"}],"tags":["Glutenfrei","immer Billig"]},
    {"url":"https://www.interspar.at/shop/lebensmittel/p/5296521","data":[{"key":"price","value":"1,29 €"},{"key":"oldPrice","value":"\n\t\t\t\t\t\n\t\t\t\t\t \n\t\t\t\t"},{"key":"pricePerUnit","value":"(5.16 €/kg)"},{"key":"productDetailsName","value":"Woerle - Salzburger Emmentaler Extra Dicke Scheiben - 250 G"},{"key":"detailsDescription","value":"250 G"},{"key":"articleNumber","value":"Artikelnummer: 5296521"},{"key":"Lagerhinweis:","value":["Trocken lagern."]},{"key":"Zutaten:","value":["Zutaten: 30% EMMENTALER, KÄSE, Wasser, MAGERMILCHPULVER, BUTTER, Schmelzsalze: E331, E339, E452, SÜSSMOLKENPULVER, MILCHEIWEISS, Salz. In Großbuchstaben angegebene Zutaten enthalten allergene Inhaltsstoffe."]},{"key":"Allergene:","value":["Enthält:Milch und daraus gewonnene Erzeugnisse (inkl. Laktose)"]},{"key":"Identitätskennzeichen:","value":["AT 50124 EG"]},{"key":"Kontakt:","value":["Gebrüder Woerle Ges.m.b.H.","Enzing 26, 5302 Henndorf, Österreich","woerle@woerle.at"]}],"nutritions":[{"key":"","value":"Unzubereitet"},{"key":" ","value":"100 g"},{"key":"Energie","value":"1040 kJ | 250 kcal"},{"key":"Fett","value":"18 g"},{"key":"Fett, davon gesättigte Fettsäuren","value":"13,1 g"},{"key":"Kohlenhydrate","value":"5 g"},{"key":"Kohlenhydrate, davon Zucker","value":"5 g"},{"key":"Eiweiß","value":"17 g"},{"key":"Salz","value":"2,25 g"}],"tags":["Glutenfrei","immer Billig"]},
    {"url":"https://www.interspar.at/shop/lebensmittel/p/5296538","data":[{"key":"price","value":"1,29 €"},{"key":"oldPrice","value":"\n\t\t\t\t\t\n\t\t\t\t\t \n\t\t\t\t"},{"key":"pricePerUnit","value":"(5.16 €/kg)"},{"key":"productDetailsName","value":"Woerle - Salzburger Leicht Scheiben - 250 G"},{"key":"detailsDescription","value":"250 G"},{"key":"articleNumber","value":"Artikelnummer: 5296538"},{"key":"Lagerhinweis:","value":["Trocken lagern."]},{"key":"Zutaten:","value":["Zutaten: 60% KÄSE, Wasser, MAGERMILCHPULVER, SÜßMOLKENPULVER, MILCHEIWEIß, Schmelzsalze: E331, E339, E452, Salz. In Großbuchstaben angegebene Zutaten enthalten allergene Inhaltsstoffe."]},{"key":"Allergene:","value":["Enthält:Milch und daraus gewonnene Erzeugnisse (inkl. Laktose)"]},{"key":"Identitätskennzeichen:","value":["AT 50124 EG"]},{"key":"Kontakt:","value":["Gebrüder Woerle Ges.m.b.H.","Enzing 26, 5302 Henndorf, Österreich","woerle@woerle.at"]}],"nutritions":[{"key":"","value":"Unzubereitet"},{"key":" ","value":"100 g"},{"key":"Energie","value":"815 kJ | 195 kcal"},{"key":"Fett","value":"11 g"},{"key":"Fett, davon gesättigte Fettsäuren","value":"8 g"},{"key":"Kohlenhydrate","value":"6 g"},{"key":"Kohlenhydrate, davon Zucker","value":"6 g"},{"key":"Eiweiß","value":"18 g"},{"key":"Salz","value":"1,75 g"}],"tags":["Glutenfrei","immer Billig"]},
    {"url":"https://www.interspar.at/shop/lebensmittel/p/5776238","data":[{"key":"price","value":"1,15 €"},{"key":"oldPrice","value":"\n\t\t\t\t\t\n\t\t\t\t\t \n\t\t\t\t"},{"key":"pricePerUnit","value":"(4.60 €/l)"},{"key":"productDetailsName","value":"Rama - Cremefine zum Kochen - 250 ML"},{"key":"detailsDescription","value":"250 ML"},{"key":"articleNumber","value":"Artikelnummer: 5776238"},{"key":"Lagerhinweis:","value":["Bei +2 °C bis +7 °C lagern."]},{"key":"Zutaten:","value":["Zutaten: Trinkwasser, 30% BUTTERMILCH, 20% MAGERMILCH, 15 % pflanzliche Öle und Fette (Raps, Palm), modifizierte Stärke, Emulgator: Polyoxyethylensorbitanmonostearat (Polysorbat 60), Stabilisatoren: Methylcellulose, Xanthan; Farbstoff: Carotine. In Großbuchstaben angegebene Zutaten enthalten allergene Inhaltsstoffe."]},{"key":"Allergene:","value":["Enthält:Milch und daraus gewonnene Erzeugnisse (inkl. Laktose)"]},{"key":"","value":["15 % Fett - 50 % weniger Fett als Schlagsahne/-obers"]},{"key":"Verwendungshinweis:","value":["Nach dem Öffnen alsbald verzehren."]},{"key":"Kontakt:","value":["Unilever Austria GmbH","Stella-Klein-Löw-Weg 13, Postfach 10, 1023 Wien, Österreich","0810/200780","www.rama-cremefine.at"]}],"nutritions":[{"key":"","value":"Unzubereitet"},{"key":" ","value":"100 ml"},{"key":"Energie","value":"660 kJ | 160 kcal"},{"key":"Fett","value":"15 g"},{"key":"Fett, davon gesättigte Fettsäuren","value":"5 g"},{"key":"Kohlenhydrate","value":"4 g"},{"key":"Kohlenhydrate, davon Zucker","value":"2,5 g"},{"key":"Eiweiß","value":"2 g"},{"key":"Salz","value":"0,1 g"}],"tags":[]},
    {"url":"https://www.interspar.at/shop/lebensmittel/p/6317508","data":[{"key":"price","value":"3,29 €"},{"key":"oldPrice","value":"\n\t\t\t\t\t\n\t\t\t\t\t \n\t\t\t\t"},{"key":"pricePerUnit","value":"(13.16 €/kg)"},{"key":"productDetailsName","value":"Woerle - Emmentaler Der Milde - 250 G"},{"key":"detailsDescription","value":"250 G"},{"key":"articleNumber","value":"Artikelnummer: 6317508"},{"key":"Lagerhinweis:","value":["Bei +2°C bis +7°C lagern. Nach dem Öffnen der Packung sollte das Produkt rasch verzehrt werden."]},{"key":"Zutaten:","value":["Zutaten: MILCH, Salz, Milchsäurebakterienkulturen, Lab, Propionsäurebakterien. In Großbuchstaben angegebene Zutaten enthalten allergene Inhaltsstoffe."]},{"key":"Allergene:","value":["Enthält:Milch und daraus gewonnene Erzeugnisse (inkl. Laktose)"]},{"key":"Identitätskennzeichen:","value":["AT 50124 EG"]},{"key":"Kontakt:","value":["Gebrüder Woerle Ges.m.b.H.","Enzing 26, 5302 Henndorf, Österreich","woerle@woerle.at"]}],"nutritions":[{"key":"","value":"Unzubereitet"},{"key":" ","value":"100 g"},{"key":"Energie","value":"1603 kJ | 386 kcal"},{"key":"Fett","value":"30 g"},{"key":"Fett, davon gesättigte Fettsäuren","value":"21,9 g"},{"key":"Kohlenhydrate","value":"0 g"},{"key":"Kohlenhydrate, davon Zucker","value":"0 g"},{"key":"Eiweiß","value":"29 g"},{"key":"Salz","value":"0,6 g"},{"key":"Kalzium","value":"100 g"}],"tags":["Gekühlt","Glutenfrei","Lactosefrei"]},
    {"url":"https://www.interspar.at/shop/lebensmittel/p/6432294","data":[{"key":"price","value":"2,89 €"},{"key":"oldPrice","value":"\n\t\t\t\t\t\n\t\t\t\t\t \n\t\t\t\t"},{"key":"pricePerUnit","value":"(14.45 €/kg)"},{"key":"productDetailsName","value":"Woerle - Rahm Emmentaler rahmig und mild - 200 G"},{"key":"detailsDescription","value":"200 G"},{"key":"articleNumber","value":"Artikelnummer: 6432294"},{"key":"Lagerhinweis:","value":["Bei +2°C bis +6°C lagern."]},{"key":"Zutaten:","value":["Zutaten: MILCH, Salz, Milchsäurebakterienkulturen, Lab, Propionsäurebakterien. In Großbuchstaben angegebene Zutaten enthalten allergene Inhaltsstoffe."]},{"key":"Allergene:","value":["Enthält:Milch und daraus gewonnene Erzeugnisse (inkl. Laktose)"]},{"key":"Identitätskennzeichen:","value":["AT 50124 EG"]},{"key":"Kontakt:","value":["Gebrüder Woerle Ges.m.b.H.","Enzing 26, 5302 Henndorf, Österreich","woerle@woerle.at"]}],"nutritions":[{"key":"","value":"Unzubereitet"},{"key":" ","value":"100 g"},{"key":"Energie","value":"1606 kJ | 387 kcal"},{"key":"Fett","value":"31 g"},{"key":"Fett, davon gesättigte Fettsäuren","value":"22,6 g"},{"key":"Kohlenhydrate","value":"0 g"},{"key":"Kohlenhydrate, davon Zucker","value":"< 0,1 g"},{"key":"Eiweiß","value":"27 g"},{"key":"Salz","value":"1,25 g"}],"tags":["Gekühlt","Glutenfrei","Lactosefrei"]},
    {"url":"https://www.interspar.at/shop/lebensmittel/p/7703478","data":[{"key":"price","value":"0,84 €"},{"key":"oldPrice","value":"\n\t\t\t\t\t\n\t\t\t\t\t \n\t\t\t\t"},{"key":"pricePerUnit","value":"(16.90 €/kg)"},{"key":"productDetailsName","value":"Schärdinger - Österkron - 1 KG"},{"key":"detailsDescription","value":"1 KG"},{"key":"articleNumber","value":"Artikelnummer: 7703478"},{"key":"Lagerhinweis:","value":["Vor und nach dem Öffnen gekühlt (3-6 °C) lagern. Nach dem Öffnen innerhalb weniger Tage verbrauchen."]},{"key":"Allergene:","value":["Enthält:Milch und daraus gewonnene Erzeugnisse (inkl. Laktose)"]},{"key":"","value":["Laktosefrei"]},{"key":"Identitätskennzeichen:","value":["AT 60212 EG"]},{"key":"Kontakt:","value":["Berglandmilch eGen","Schubertstraße 30, 4600 Wels, Österreich"]}],"nutritions":[{"key":"","value":"Unzubereitet"},{"key":" ","value":"100 g"},{"key":"Energie","value":"1612 kJ | 389 kcal"},{"key":"Fett","value":"33 g"},{"key":"Fett, davon gesättigte Fettsäuren","value":"21 g"},{"key":"Kohlenhydrate","value":"0 g"},{"key":"Kohlenhydrate, davon Zucker","value":"0 g"},{"key":"Eiweiß","value":"23 g"},{"key":"Salz","value":"2 g"}],"tags":["Gekühlt","Glutenfrei","Lactosefrei"]},
    {"url":"https://www.interspar.at/shop/lebensmittel/p/7704642","data":[{"key":"price","value":"2,99 €"},{"key":"oldPrice","value":"\n\t\t\t\t\t\n\t\t\t\t\t \n\t\t\t\t"},{"key":"pricePerUnit","value":"(7.48 €/kg)"},{"key":"productDetailsName","value":"Rupp - Big Toast 20 Scheiben Family-Pack - 400 G"},{"key":"detailsDescription","value":"400 G"},{"key":"articleNumber","value":"Artikelnummer: 7704642"},{"key":"Zutaten:","value":["Zutaten: KÄSE, BUTTER, Wasser, MAGERMILCHKONZENTRAT, MAGERMILCHPULVER, MILCHEIWEISS, Schmelzsalze (Polyphosphate, Calciumphosphate), Farbstoffe (Carotin, Paprikaextrakt), Speisesalz, Säureregulator (Natriumcarbonate, Milchsäure)."]},{"key":"Allergene:","value":["Enthält:Milch und daraus gewonnene Erzeugnisse (inkl. Laktose)"]},{"key":"Kontakt:","value":["Rupp AG","Krüzastraße 8, 6912 Hörbranz, Österreich"]}],"nutritions":[{"key":"","value":"Unzubereitet"},{"key":" ","value":"100 g"},{"key":"Energie","value":"1154 kJ | 278 kcal"},{"key":"Fett","value":"22 g"},{"key":"Fett, davon gesättigte Fettsäuren","value":"14 g"},{"key":"Kohlenhydrate","value":"4 g"},{"key":"Kohlenhydrate, davon Zucker","value":"4 g"},{"key":"Eiweiß","value":"16 g"},{"key":"Salz","value":"2,25 g"}],"tags":["Gekühlt"]},
    {"url":"https://www.interspar.at/shop/lebensmittel/p/7714986","data":[{"key":"price","value":"1,59 €"},{"key":"oldPrice","value":"\n\t\t\t\t\t\n\t\t\t\t\t \n\t\t\t\t"},{"key":"pricePerUnit","value":"(7.95 €/kg)"},{"key":"productDetailsName","value":"Woerle - American Toast - 200 G"},{"key":"detailsDescription","value":"200 G"},{"key":"articleNumber","value":"Artikelnummer: 7714986"},{"key":"Lagerhinweis:","value":["Trocken lagern."]},{"key":"Zutaten:","value":["Zutaten: KÄSE, Wasser, MAGERMILCHPULVER, BUTTER, Schmelzsalze: E331, E339, E452, SÜSSMOLKENPULVER, MILCHEIWEISS, Salz, Säuerungsmittel: Citronensäure. In Großbuchstaben angegebene Zutaten enthalten allergene Inhaltsstoffe."]},{"key":"Allergene:","value":["Enthält:Milch und daraus gewonnene Erzeugnisse (inkl. Laktose)"]},{"key":"Zubereitung:","value":["Verzehrfertig"]},{"key":"Identitätskennzeichen:","value":["AT 50124 EG"]},{"key":"Kontakt:","value":["Gebrüder Woerle Ges.m.b.H.","Enzing 26, 5302 Henndorf, Österreich","woerle@woerle.at"]}],"nutritions":[{"key":"","value":"Unzubereitet"},{"key":" ","value":"100 g"},{"key":"Energie","value":"1040 kJ | 250 kcal"},{"key":"Fett","value":"18 g"},{"key":"Fett, davon gesättigte Fettsäuren","value":"13,1 g"},{"key":"Kohlenhydrate","value":"5 g"},{"key":"Kohlenhydrate, davon Zucker","value":"5 g"},{"key":"Eiweiß","value":"17 g"},{"key":"Salz","value":"2,25 g"}],"tags":["Gekühlt","Glutenfrei"]},
    {"url":"https://www.interspar.at/shop/lebensmittel/p/7716423","data":[{"key":"price","value":"0,78 €"},{"key":"oldPrice","value":"\n\t\t\t\t\t\n\t\t\t\t\t \n\t\t\t\t"},{"key":"pricePerUnit","value":"(15.50 €/kg)"},{"key":"productDetailsName","value":"Woerle - Emmentaler Der Milde - 1 KG"},{"key":"detailsDescription","value":"1 KG"},{"key":"articleNumber","value":"Artikelnummer: 7716423"},{"key":"Lagerhinweis:","value":["Gekühlt lagern bei +2C° bis +7C°."]},{"key":"Zutaten:","value":["Zutaten: ROHIMILCH, Salz, Milchsäurebakterienkulturen, Lab, Propionsäurebakterien. In Großbuchstaben angegebene Zutaten enthalten allergene Inhaltsstoffe."]},{"key":"Allergene:","value":["Enthält:Milch und daraus gewonnene Erzeugnisse (inkl. Laktose)"]},{"key":"Identitätskennzeichen:","value":["AT 50124 EG"]},{"key":"Kontakt:","value":["Gebrüder Woerle Ges.m.b.H.","Enzing 26, 5302 Henndorf, Österreich","woerle@woerle.at"]}],"nutritions":[{"key":"","value":"Unzubereitet"},{"key":" ","value":"100 g"},{"key":"Energie","value":"1603 kJ | 386 kcal"},{"key":"Fett","value":"30 g"},{"key":"Fett, davon gesättigte Fettsäuren","value":"22 g"},{"key":"Kohlenhydrate","value":"0 g"},{"key":"Kohlenhydrate, davon Zucker","value":"0 g"},{"key":"Eiweiß","value":"29 g"},{"key":"Salz","value":"0,6 g"}],"tags":["Gekühlt","Glutenfrei","Lactosefrei"]},
    {"url":"https://www.interspar.at/shop/lebensmittel/p/7798078","data":[{"key":"price","value":"1,15 €"},{"key":"oldPrice","value":"\n\t\t\t\t\t\n\t\t\t\t\t \n\t\t\t\t"},{"key":"pricePerUnit","value":"(4.60 €/l)"},{"key":"productDetailsName","value":"Rama - Cremefine zum Kochen 7% Fett - 250 ML"},{"key":"detailsDescription","value":"250 ML"},{"key":"articleNumber","value":"Artikelnummer: 7798078"},{"key":"Lagerhinweis:","value":["Bei +2°C bis +7°C lagern."]},{"key":"Zutaten:","value":["Zutaten: Trinkwasser, 20% MAGERMILCH, 12% BUTTERMILCH, 7% pflanzliche Öle und Fette (Raps, Palm*), modifizierte Stärke, MILCHZUCKER, Emulgator (E 435), Stabilisatoren (Methylcellulose, Xanthan, Carrageen), Zucker, Aromen (mit MILCH), Farbstoff (Carotine). *aus zertifiziert nachhaltigem Anbau. In Großbuchstaben angegebene Zutaten enthalten allergene Inhaltsstoffe."]},{"key":"Allergene:","value":["Enthält:Milch und daraus gewonnene Erzeugnisse (inkl. Laktose)"]},{"key":"","value":["7% Fett - 75% weniger Fett als Schlagsahne/-obers"]},{"key":"Verwendungshinweis:","value":["Nach dem Öffnen alsbald verzehren."]},{"key":"Kontakt:","value":["Unilever Austria GmbH","Stella-Klein-Löw-Weg 13, Postfach 10, 1023 Wien, Österreich","www.rama-cremefine.at","0810/200780"]}],"nutritions":[{"key":"","value":"Unzubereitet"},{"key":" ","value":"100 ml"},{"key":"Energie","value":"370 kJ | 90 kcal"},{"key":"Fett","value":"7 g"},{"key":"Fett, davon gesättigte Fettsäuren","value":"2,5 g"},{"key":"Kohlenhydrate","value":"4,5 g"},{"key":"Kohlenhydrate, davon Zucker","value":"2,5 g"},{"key":"Eiweiß","value":"1 g"},{"key":"Salz","value":"0,08 g"}],"tags":[]},
    {"url":"https://www.interspar.at/shop/lebensmittel/p/8185532","data":[{"key":"price","value":"1,45 €"},{"key":"oldPrice","value":"\n\t\t\t\t\t\n\t\t\t\t\t \n\t\t\t\t"},{"key":"pricePerUnit","value":"(5.80 €/l)"},{"key":"productDetailsName","value":"Rama Cremefine - zum Kochen Pilze/Balsamico - 250 ML"},{"key":"detailsDescription","value":"250 ML"},{"key":"articleNumber","value":"Artikelnummer: 8185532"},{"key":"Lagerhinweis:","value":["Bei +2°C bis +7°C lagern."]},{"key":"Zutaten:","value":["Zutaten: BUTTERMILCH, Trinkwasser, pflanzliche Fette und Öle (Palm, Raps), MAGERMILCH, 3,5% Pilze (Maronenröhrling, Sommersteinpilz, Butterpilz, Espenrotkappe, Steinpilz, Champignon, Mu-Err-Pilz), modifizierte Stärke, Speisesalz, Aromen, Zucker, Stabilisatoren (Pektin, Methylcellulose, Xanthan), Emulgator (E435), Zwiebeln, Hefeextrakt, Farbstoffe (E150a, E150d), Säuerungsmittel (Milchsäure), Milchsäurebakterienkulturen (mit MILCH), weißer Balsam-Essig (Weinessig, Traubenmost), Pfeffer, Rosmarin. In Großbuchstaben angegebene Zutaten enthalten allergene Inhaltstoffe."]},{"key":"Allergene:","value":["Enthält:Milch und daraus gewonnene Erzeugnisse (inkl. Laktose)"]},{"key":"Verwendungshinweis:","value":["Bitte vor Gebrauch schütteln."]},{"key":"Kontakt:","value":["Unilever Austria GmbH","Stella-Klein-Löw-Weg 13, Postfach 10, 1023 Wien, Österreich"]}],"nutritions":[{"key":"","value":"Unzubereitet"},{"key":" ","value":"100 ml"},{"key":"Energie","value":"700 kJ | 170 kcal"},{"key":"Fett","value":"16 g"},{"key":"Fett, davon gesättigte Fettsäuren","value":"5 g"},{"key":"Kohlenhydrate","value":"6 g"},{"key":"Kohlenhydrate, davon Zucker","value":"3 g"},{"key":"Eiweiß","value":"2,5 g"},{"key":"Salz","value":"1,3 g"}],"tags":[]},
    {"url":"https://www.interspar.at/shop/lebensmittel/p/2020001245031","data":[{"key":"price","value":"3,49 €"},{"key":"oldPrice","value":"\n\t\t\t\t\t\n\t\t\t\t\t \n\t\t\t\t"},{"key":"pricePerUnit","value":"(8.73 €/kg)"},{"key":"productDetailsName","value":"S-BUDGET - Emmentaler in Scheiben - 400 G"},{"key":"detailsDescription","value":"400 G"},{"key":"articleNumber","value":"Artikelnummer: 2020001245031"},{"key":"Lagerhinweis:","value":["Vor und nach dem Öffnen bei max. +8°C lagern und innerhalb weniger Tage verbrauchen."]},{"key":"Zutaten:","value":["Zutaten: pasteurisierte KUHMILCH, Kochsalz, Käsereikulturen, mikrobielles Lab. In Großbuchstaben angegebene Zutaten enthalten allergene Inhaltsstoffe."]},{"key":"Allergene:","value":["Enthält:Milch und daraus gewonnene Erzeugnisse (inkl. Laktose)"]},{"key":"","value":["Laktosefrei"]},{"key":"Identitätskennzeichen:","value":["G = DE BY 7118 EG B = FR 52.332.001 CE"]},{"key":"Kontakt:","value":["SPAR Österr. Warenhandels-AG","Europastraße 3, 5015 Salzburg, Österreich","office@spar.at"]}],"nutritions":[{"key":"","value":"Unzubereitet"},{"key":" ","value":"100 g"},{"key":"Energie","value":"1566 kJ | 377 kcal"},{"key":"Fett","value":"29 g"},{"key":"Fett, davon gesättigte Fettsäuren","value":"19 g"},{"key":"Kohlenhydrate","value":"< 0,1 g"},{"key":"Kohlenhydrate, davon Zucker","value":"< 0,1 g"},{"key":"Ballaststoffe","value":"0 g"},{"key":"Eiweiß","value":"29 g"},{"key":"Salz","value":"0,5 g"},{"key":"Broteinheiten","value":"0 BE"}],"tags":["Gekühlt","Lactosefrei","immer Billig"]},
    {"url":"https://www.interspar.at/shop/lebensmittel/p/6456474","data":[{"key":"price","value":"4,58 €"},{"key":"oldPrice","value":"\n\t\t\t\t\t\n\t\t\t\t\t \n\t\t\t\t"},{"key":"pricePerUnit","value":"(5.73 €/kg)"},{"key":"productDetailsName","value":"S-BUDGET - Emmentaler - 800 G"},{"key":"detailsDescription","value":"800 G"},{"key":"articleNumber","value":"Artikelnummer: 6456474"},{"key":"Lagerhinweis:","value":["Bei max. +8°C ungeöffnet lagern. Nach dem Öffnen bei max. +8°C aufbewahren und innerhalb weniger Tage verbrauchen."]},{"key":"Zutaten:","value":["Zutaten: pasteurisierte KUHMILCH, Kochsalz, Käsereikulturen, Lab mikrobiell. In Großbuchstaben angegebene Zutaten enthalten allergene Inhaltsstoffe."]},{"key":"Allergene:","value":["Enthält:Milch und daraus gewonnene Erzeugnisse (inkl. Laktose)"]},{"key":"","value":["Laktosefrei"]},{"key":"Identitätskennzeichen:","value":["DE BY 7118 EG FR 52.332.001 CE"]},{"key":"Zusatztext:","value":["Abpacker: siehe Aufdruck Verpackung"]},{"key":"Ursprungsland/Herkunftsort:","value":["Sorgfältig hergestellt in Deutschland"]},{"key":"Kontakt:","value":["SPAR Österr. Warenhandels-AG","Europastraße 3, 5015 Salzburg, Österreich"]}],"nutritions":[{"key":"","value":"Unzubereitet"},{"key":" ","value":"100 g"},{"key":"Energie","value":"1566 kJ | 377 kcal"},{"key":"Fett","value":"29 g"},{"key":"Fett, davon gesättigte Fettsäuren","value":"18,7 g"},{"key":"Kohlenhydrate","value":"< 0,1 g"},{"key":"Kohlenhydrate, davon Zucker","value":"< 0,1 g"},{"key":"Ballaststoffe","value":"0 g"},{"key":"Eiweiß","value":"29 g"},{"key":"Salz","value":"0,5 g"},{"key":"Broteinheiten","value":"0 BE"},{"key":"","value":"Unzubereitet"},{"key":" ","value":"Portion (50 g)"},{"key":"Energie","value":"783 kJ | 189 kcal"},{"key":"Fett","value":"14,5 g"},{"key":"Fett, davon gesättigte Fettsäuren","value":"9,4 g"},{"key":"Kohlenhydrate","value":"< 0,1 g"},{"key":"Kohlenhydrate, davon Zucker","value":"< 0,1 g"},{"key":"Ballaststoffe","value":"0 g"},{"key":"Eiweiß","value":"14,5 g"},{"key":"Salz","value":"0,25 g"},{"key":"Broteinheiten","value":"0 BE"}],"tags":["Gekühlt","Glutenfrei","Lactosefrei","immer Billig"]},
    {"url":"https://www.interspar.at/shop/lebensmittel/p/4000594","data":[{"key":"price","value":"0,59 €"},{"key":"oldPrice","value":"\n\t\t\t\t\t\n\t\t\t\t\t \n\t\t\t\t"},{"key":"pricePerUnit","value":"(3.37 €/kg)"},{"key":"productDetailsName","value":"SPAR - Baguette mit Kräuterbutter - 175 G"},{"key":"detailsDescription","value":"175 G"},{"key":"articleNumber","value":"Artikelnummer: 4000594"},{"key":"Lagerhinweis:","value":["Bei +4°C bis +10°C lagern. Tiefgekühlt ist SPAR Baguette 3 Monate länger haltbar. Somit sind sie jederzeit für alle Gelegenheiten gerüstet! Nach dem Auftauen nicht wieder einfrieren."]},{"key":"Zutaten:","value":["Zutaten: Baguette (WEIZENMEHL, Wasser, Hefe, Salz, ROGGENMEHL, WEIZENGLUTEN), Kräuterbutterzubereitung 18% (BUTTER 75%, Zwiebeln, Petersilie, Knoblauch, Salz, Stärke, Kräuter, Gewürze, Säuerungsmittel: Citronensäure, natürliches Knoblaucharoma). In Großbuchstaben angegebene Zutaten enthalten allergene Inhaltsstoffe."]},{"key":"Allergene:","value":["Enthält:Glutenhaltiges Getreide und daraus hergestellte Erzeugnisse, Milch und daraus gewonnene Erzeugnisse (inkl. Laktose)"]},{"key":"","value":["ohne Geschmacksverstärker"]},{"key":"","value":["Ohne Konservierungsstoffe"]},{"key":"Zubereitung:","value":["BackenBackrohr vorheizen. Baguette aus der Verpackung nehmen und bei ca. 180°C je nach gewünschtem Bräunungsgrad in 8 bis 10 Minuten aufbacken! (Tiefgekühlt: 10 bis 15 Minuten)"]},{"key":"Ursprungsland/Herkunftsort:","value":["Sorgfältig hergestellt in Deutschland"]},{"key":"Verwendungshinweis:","value":["Zum Tiefkühlen geeignet!In 8-10 Minuten servierfertig!"]},{"key":"Kontakt:","value":["SPAR Österr. Warenhandels-AG","Europastraße 3, 5015 Salzburg, Österreich"]}],"nutritions":[{"key":" ","value":"100 g"},{"key":"","value":"Unzubereitet"},{"key":"Energie","value":"1288 kJ | 307 kcal"},{"key":"Fett","value":"12 g"},{"key":"Fett, davon gesättigte Fettsäuren","value":"7 g"},{"key":"Kohlenhydrate","value":"42 g"},{"key":"Kohlenhydrate, davon Zucker","value":"1 g"},{"key":"Ballaststoffe","value":"2,8 g"},{"key":"Eiweiß","value":"6,3 g"},{"key":"Salz","value":"1,25 g"},{"key":"Broteinheiten","value":"3,5 BE"}],"tags":[]},
    {"url":"https://www.interspar.at/shop/lebensmittel/p/4000600","data":[{"key":"price","value":"0,59 €"},{"key":"oldPrice","value":"\n\t\t\t\t\t\n\t\t\t\t\t \n\t\t\t\t"},{"key":"pricePerUnit","value":"(3.37 €/kg)"},{"key":"productDetailsName","value":"SPAR - Baguette mit Knoblauchbutter - 175 G"},{"key":"detailsDescription","value":"175 G"},{"key":"articleNumber","value":"Artikelnummer: 4000600"},{"key":"Lagerhinweis:","value":["Gekühlt bei +4°C bis +10°C lagern.Tiefgekühlt ist SPAR Baguette 3 Monate länger haltbar. Somit sind Sie jederzeit für alle Gelegenheiten gerüstet! Nach dem Auftauen nicht wieder einfrieren."]},{"key":"Zutaten:","value":["Zutaten: Baguette (WEIZENMEHL, Wasser, Hefe, Salz, ROGGENMEHL, WEIZENGLUTEN), Butterzubereitung 18% (BUTTER 75%, Zwiebeln, Knoblauch, Salz, Stärke, Petersilie, Säuerungsmittel: Citronensäure; natürliches Knoblaucharoma). In Großbuchstaben angegebene Zutaten enthalten allergene Inhaltsstoffe."]},{"key":"Allergene:","value":["Enthält:Glutenhaltiges Getreide und daraus hergestellte Erzeugnisse, Milch und daraus gewonnene Erzeugnisse (inkl. Laktose)"]},{"key":"","value":["ohne Geschmacksverstärker"]},{"key":"","value":["Ohne Konservierungsstoffe"]},{"key":"Zubereitung:","value":["BackenBackrohr vorheizen. Baguette aus der Verpackung nehmen und bei ca. 180°C je nach gewünschtem Bräunungsgrad 8 bis 10 Minuten aufbacken! (Tiefgekühlt: 10 bis 15 Minuten)."]},{"key":"Ursprungsland/Herkunftsort:","value":["Sorgfältig hergestellt in Deutschland"]},{"key":"Verwendungshinweis:","value":["Zum Tiefkühlen geeignet!In 8-10 Minuten servierfertig!"]},{"key":"Kontakt:","value":["SPAR Österr. Warenhandels-AG","Europastraße 3, 5015 Salzburg, Österreich"]}],"nutritions":[{"key":"","value":"Unzubereitet"},{"key":" ","value":"100 g"},{"key":"Energie","value":"1287 kJ | 307 kcal"},{"key":"Fett","value":"12 g"},{"key":"Fett, davon gesättigte Fettsäuren","value":"7 g"},{"key":"Kohlenhydrate","value":"42 g"},{"key":"Kohlenhydrate, davon Zucker","value":"1,1 g"},{"key":"Ballaststoffe","value":"2,7 g"},{"key":"Eiweiß","value":"6,3 g"},{"key":"Salz","value":"1,25 g"},{"key":"Broteinheiten","value":"3,5 BE"}],"tags":[]},
    {"url":"https://www.interspar.at/shop/lebensmittel/p/1890235","data":[{"key":"price","value":"2,79 €"},{"key":"oldPrice","value":"\n\t\t\t\t\t\n\t\t\t\t\t \n\t\t\t\t"},{"key":"pricePerUnit","value":"(27.90 €/kg)"},{"key":"productDetailsName","value":"Höhle Kaltbach - cremig würzig - 1 KG"},{"key":"detailsDescription","value":"1 KG"},{"key":"articleNumber","value":"Artikelnummer: 1890235"},{"key":"Lagerhinweis:","value":["Gekühlt lagern bei +2° bis +7°C."]},{"key":"Zutaten:","value":["Zutaten: pasteurisierte KUHMILCH, Lab, Speisesalz, Käsereikulturen. In Großbuchstaben angegebene Zutaten enthalten allergene Inhaltsstoffe."]},{"key":"Allergene:","value":["Enthält:Milch und daraus gewonnene Erzeugnisse (inkl. Laktose)"]},{"key":"Kontakt:","value":["Emmi Österreich GmbH","Illweg 8, 6714 Nüziders, Österreich"]}],"nutritions":[{"key":"","value":"Unzubereitet"},{"key":" ","value":"100 g"},{"key":"Energie","value":"1640 kJ | 394 kcal"},{"key":"Fett","value":"34 g"},{"key":"Fett, davon gesättigte Fettsäuren","value":"20,4 g"},{"key":"Kohlenhydrate","value":"1 g"},{"key":"Kohlenhydrate, davon Zucker","value":"0 g"},{"key":"Ballaststoffe","value":"0 g"},{"key":"Eiweiß","value":"21 g"},{"key":"Salz","value":"0,71 g"},{"key":"Broteinheiten","value":"0,1 BE"}],"tags":["Gekühlt","Glutenfrei","Lactosefrei"]},
    {"url":"https://www.interspar.at/shop/lebensmittel/p/2020000578161","data":[{"key":"price","value":"1,49 €"},{"key":"oldPrice","value":"\n\t\t\t\t\t\n\t\t\t\t\t \n\t\t\t\t"},{"key":"pricePerUnit","value":"(29.90 €/kg)"},{"key":"productDetailsName","value":"Roquefort - Blauschimmelkäse - 1 KG"},{"key":"detailsDescription","value":"1 KG"},{"key":"articleNumber","value":"Artikelnummer: 2020000578161"},{"key":"Lagerhinweis:","value":["Gekühlt (+2-6°C) lagern und nach dem Öffnen rasch verbrauchen."]},{"key":"Zutaten:","value":["Zutaten: SCHAFROHMILCH, Salz, tierisches Lab, Milchfermente, Penicilium roqueforti. In Großbuchstaben angegebene Zutaten enthalten Allergene Inhaltsstoffe."]},{"key":"Allergene:","value":["Enthält:Milch und daraus gewonnene Erzeugnisse (inkl. Laktose)"]},{"key":"Identitätskennzeichen:","value":["FR 12203037 CE"]},{"key":"Ursprungsland/Herkunftsort:","value":["Frankreich"]},{"key":"Kontakt:","value":["Lamercantile Scardovi GmbH","Baumgasse 70, 1030 Wien, Österreich"]}],"nutritions":[{"key":"","value":"Unzubereitet"},{"key":" ","value":"100 g"},{"key":"Energie","value":"1470 kJ | 355 kcal"},{"key":"Fett","value":"30 g"},{"key":"Fett, davon gesättigte Fettsäuren","value":"20 g"},{"key":"Kohlenhydrate","value":"0 g"},{"key":"Kohlenhydrate, davon Zucker","value":"0 g"},{"key":"Ballaststoffe","value":"0 g"},{"key":"Eiweiß","value":"18 g"},{"key":"Salz","value":"3,5 g"}],"tags":["Gekühlt"]},
    {"url":"https://www.interspar.at/shop/lebensmittel/p/2020000616573","data":[{"key":"price","value":"0,99 €"},{"key":"oldPrice","value":"\n\t\t\t\t\t\n\t\t\t\t\t \n\t\t\t\t"},{"key":"pricePerUnit","value":"(14.14 €/kg)"},{"key":"productDetailsName","value":"Kidsworld - Dessert mit Überraschung Angry Birds - 70 G"},{"key":"detailsDescription","value":"70 G"},{"key":"articleNumber","value":"Artikelnummer: 2020000616573"},{"key":"Lagerhinweis:","value":["Nach dem Öffnen sofort verzehren. Gekühlt lagern bei max +7°C."]},{"key":"Zutaten:","value":["Zutaten: entrahmte MILCH, SCHLAGSAHNE, 18% Zucker, modifizierte Maisstärke, fettarmes Kakaopulver 1,1%, Glukosesirup, MAGERMILCHPULVER, Verdickungsmittel: Carrageen, Pektin; Aroma, Farbstoff: Beta-Carotin. In Großbuchstaben angegebene Zutaten enthalten allergene Inhaltstoffe."]},{"key":"Allergene:","value":["Enthält:Milch und daraus gewonnene Erzeugnisse (inkl. Laktose)"]},{"key":"Identitätskennzeichen:","value":["DE BY 104 EG"]},{"key":"Kontakt:","value":["Dairy 4 Fun sro","Bilov 100 74301 Bilov, Czech Republic","info@dairy4fun.com"]}],"nutritions":[{"key":"","value":"Unzubereitet"},{"key":" ","value":"100 g"},{"key":"Energie","value":"570 kJ | 136 kcal"},{"key":"Fett","value":"5,6 g"},{"key":"Fett, davon gesättigte Fettsäuren","value":"3,7 g"},{"key":"Kohlenhydrate","value":"18 g"},{"key":"Kohlenhydrate, davon Zucker","value":"14,4 g"},{"key":"Ballaststoffe","value":"0,5 g"},{"key":"Eiweiß","value":"3,1 g"},{"key":"Salz","value":"0,23 g"}],"tags":[]},
    {"url":"https://www.interspar.at/shop/lebensmittel/p/2020000616610","data":[{"key":"price","value":"0,99 €"},{"key":"oldPrice","value":"\n\t\t\t\t\t\n\t\t\t\t\t \n\t\t\t\t"},{"key":"pricePerUnit","value":"(14.14 €/kg)"},{"key":"productDetailsName","value":"Kidsworld - Dessert mit Überraschung Cool Pirates - 70 G"},{"key":"detailsDescription","value":"70 G"},{"key":"articleNumber","value":"Artikelnummer: 2020000616610"},{"key":"Lagerhinweis:","value":["Nach dem Öffnen sofort verzehren. Gekühlt lagern bei max +7°C."]},{"key":"Zutaten:","value":["Zutaten: entrahmte MILCH, SCHLAGSAHNE, 18% Zucker, modifizierte Maisstärke, fettarmes Kakaopulver 1,1%, Glukosesirup, MAGERMILCHPULVER, Verdickungsmittel: Carrageen, Pektin; Aroma, Farbstoff: Beta-Carotin. In Großbuchstaben angegebene Zutaten enthalten allergene Inhaltstoffe."]},{"key":"Allergene:","value":["Enthält:Milch und daraus gewonnene Erzeugnisse (inkl. Laktose)"]},{"key":"Identitätskennzeichen:","value":["DE BY 104 EG"]},{"key":"Kontakt:","value":["Dairy 4 Fun sro","Bilov 100 74301 Bilov, Czech Republic","info@dairy4fun.com"]}],"nutritions":[{"key":"","value":"Unzubereitet"},{"key":" ","value":"100 g"},{"key":"Energie","value":"570 kJ | 136 kcal"},{"key":"Fett","value":"5,6 g"},{"key":"Fett, davon gesättigte Fettsäuren","value":"3,7 g"},{"key":"Kohlenhydrate","value":"18 g"},{"key":"Kohlenhydrate, davon Zucker","value":"14,4 g"},{"key":"Ballaststoffe","value":"0,5 g"},{"key":"Eiweiß","value":"3,1 g"},{"key":"Salz","value":"0,23 g"}],"tags":[]},
    {"url":"https://www.interspar.at/shop/lebensmittel/p/2020001656875","data":[{"key":"price","value":"1,39 €"},{"key":"oldPrice","value":"\n\t\t\t\t\t\n\t\t\t\t\t \n\t\t\t\t"},{"key":"pricePerUnit","value":"(6.95 €/kg)"},{"key":"productDetailsName","value":"Efko - Kartoffelsalat - 200 G"},{"key":"detailsDescription","value":"200 G"},{"key":"articleNumber","value":"Artikelnummer: 2020001656875"}],"nutritions":[],"tags":["Gekühlt","immer Billig"]},
    {"url":"https://www.interspar.at/shop/lebensmittel/p/2020001847754","data":[{"key":"price","value":"2,49 €"},{"key":"oldPrice","value":"\n\t\t\t\t\t\n\t\t\t\t\t \n\t\t\t\t"},{"key":"pricePerUnit","value":"(7.55 €/l)"},{"key":"productDetailsName","value":"Chiefs - Milk Protein Choco Mountain - 330 ML"},{"key":"detailsDescription","value":"330 ML"},{"key":"articleNumber","value":"Artikelnummer: 2020001847754"},{"key":"Lagerhinweis:","value":["Ungekühlt bei Raumtemperatur, nicht unterhalb Gefrierpunkt lagern. Nach dem Öffnen gekühlt lagern"]},{"key":"Zutaten:","value":["Zutaten: 43% teilentrahmte MILCH, Wasser, 14% MILCHPROTEINKONZENTRAT, 1,7% Kakaopulver, Füllstoff : Polydextrose, Stabilisator: Mikrokristalline, Cellulose; modifizierte Stärke, Aroma, Farbstoff: Zuckerkulör, Süßungsmittel: Sucralose, Acesulfam-K; Säuerungsmittel:  Milchsäure, Speisesalz. In Großbuchstaben angegebene Zutaten enthalten allergene Inhaltsstoffe."]},{"key":"Allergene:","value":["Enthält:Milch und daraus gewonnene Erzeugnisse (inkl. Laktose)"]},{"key":"","value":["Ohne Zuckerzusatz -enthält natrürliche Zuckerarten aus Frucht- und Milch"]},{"key":"","value":["Glutenfrei","Laktosefrei"]},{"key":"Verwendungshinweis:","value":["und innerhalb eines Tages verzehren. Vor Gebrauch gut schütteln. Ideale Trinktemperatur 5°C"]},{"key":"Kontakt:","value":["Chiefs AG","Baarerstrasse 21, 6304 Zug, Schweiz"]}],"nutritions":[{"key":"","value":"Unzubereitet"},{"key":" ","value":"100 ml"},{"key":"Energie","value":"230 kJ | 55 kcal"},{"key":"Fett","value":"1,3 g"},{"key":"Fett, davon gesättigte Fettsäuren","value":"0,8 g"},{"key":"Kohlenhydrate","value":"2,8 g"},{"key":"Kohlenhydrate, davon Zucker","value":"2,4 g"},{"key":"Ballaststoffe","value":"4,6 g"},{"key":"Eiweiß","value":"7,9 g"},{"key":"Salz","value":"0,13 g"},{"key":"","value":"Unzubereitet"},{"key":" ","value":"Portion (330 ml)"},{"key":"Energie","value":"759 kJ | 181 kcal"},{"key":"Fett","value":"4,3 g"},{"key":"Fett, davon gesättigte Fettsäuren","value":"2,6 g"},{"key":"Kohlenhydrate","value":"9,2 g"},{"key":"Kohlenhydrate, davon Zucker","value":"7,9 g"},{"key":"Ballaststoffe","value":"15,2 g"},{"key":"Eiweiß","value":"26 g"},{"key":"Salz","value":"0,43 g"}],"tags":["Glutenfrei","Lactosefrei"]},
    {"url":"https://www.interspar.at/shop/lebensmittel/p/2020001847808","data":[{"key":"price","value":"2,49 €"},{"key":"oldPrice","value":"\n\t\t\t\t\t\n\t\t\t\t\t \n\t\t\t\t"},{"key":"pricePerUnit","value":"(7.55 €/l)"},{"key":"productDetailsName","value":"Chiefs - Milk Protein Blueberry River - 330 ML"},{"key":"detailsDescription","value":"330 ML"},{"key":"articleNumber","value":"Artikelnummer: 2020001847808"},{"key":"Lagerhinweis:","value":["Ungekühlt bei  Raumtemperatur, nicht unterhalb Gefrierpunkt lagern. Nach dem  Öffnen gekühlt lagern"]},{"key":"Zutaten:","value":["Zutaten: Wasser, 30% MOLKENPROTEINKONZENTRAT, Apfelsaft* 1,4% Heidelbeersaft*, 1.4% Bananensaft*, 1,2% Traubensaft*,  Himbeersaft*, Stabilisatoren: Pektin, Johannisbrotkernmehl; modifizierte Stärke, färbendes Lebensmittel:  Karotte*, Säuerungsmittel: Milchsäure, Zitronensäure, Natriumcitrat; Aroma, Süßungsmittel: Sucralose,  Acesulfam-K. Enthält Milchbestandteile. *aus Konzentrat. In Großbuchstaben angegebene Zutaten enthalten allergene Inhaltsstoffe."]},{"key":"Allergene:","value":["Enthält:Milch und daraus gewonnene Erzeugnisse (inkl. Laktose)"]},{"key":"","value":["Ohne Zuckerzusatz -enthält natürliche Zuckerarten aus Frucht- und Milch"]},{"key":"","value":["Laktosefrei","Glutenfrei"]},{"key":"Verwendungshinweis:","value":["und innerhalb eines Tages verzehren. Vor Gebrauch gut schütteln. Ideale Trinktemperatur 5°C"]},{"key":"Kontakt:","value":["Chiefs AG","Baarerstrasse 21, 6304 Zug, Schweiz"]}],"nutritions":[{"key":"","value":"Unzubereitet"},{"key":" ","value":"100 ml"},{"key":"Energie","value":"185 kJ | 44 kcal"},{"key":"Fett","value":"0,6 g"},{"key":"Fett, davon gesättigte Fettsäuren","value":"0,4 g"},{"key":"Kohlenhydrate","value":"2,6 g"},{"key":"Kohlenhydrate, davon Zucker","value":"2,2 g"},{"key":"Ballaststoffe","value":"0 g"},{"key":"Eiweiß","value":"7 g"},{"key":"Salz","value":"0,13 g"},{"key":"","value":"Unzubereitet"},{"key":" ","value":"Portion (330 ml)"},{"key":"Energie","value":"611 kJ | 145 kcal"},{"key":"Fett","value":"2 g"},{"key":"Fett, davon gesättigte Fettsäuren","value":"1,3 g"},{"key":"Kohlenhydrate","value":"8,6 g"},{"key":"Kohlenhydrate, davon Zucker","value":"7,3 g"},{"key":"Eiweiß","value":"23 g"}],"tags":["Glutenfrei","Lactosefrei"]},
    {"url":"https://www.interspar.at/shop/lebensmittel/p/2020001847938","data":[{"key":"price","value":"2,49 €"},{"key":"oldPrice","value":"\n\t\t\t\t\t\n\t\t\t\t\t \n\t\t\t\t"},{"key":"pricePerUnit","value":"(7.55 €/l)"},{"key":"productDetailsName","value":"Chiefs - Milk Protein Mango Avenue - 330 ML"},{"key":"detailsDescription","value":"330 ML"},{"key":"articleNumber","value":"Artikelnummer: 2020001847938"},{"key":"Lagerhinweis:","value":["Ungekühlt bei Raumtemperatur, nicht unterhalb Gefrierpunkt lagern. Nach dem Öffnen gekühlt lagern"]},{"key":"Zutaten:","value":["Zutaten: Wasser, 30% MOLKENPROTEINKONZENTRAT, 8,4% Apfelsaft*, 0,8% Mango-Püree, Bananensaft*, Mandarinensaft*, Traubensaft*, 0,2% Passionsfruchtsaft*, Stabilisatoren: Pektin, Johannisbrotkernmehl; modifizierte Stärke, Säuerungsmittel: Milchsäure, Zitronensäure, Natriumcitrat; Aroma, Süßungsmittel: Sucralose, Acesulfam-K. *aus Konzentrat. In Großbuchstaben angegebene Zutaten enthalten allergene Inhaltsstoffe."]},{"key":"Allergene:","value":["Enthält:Milch und daraus gewonnene Erzeugnisse (inkl. Laktose)"]},{"key":"","value":["Ohne Zuckerzusatz -enthält natürliche Zuckerarten aus Frucht- und Milch"]},{"key":"","value":["Laktosefrei","Glutenfrei"]},{"key":"Verwendungshinweis:","value":["und innerhalb eines Tages verzehren. Vor Gebrauch gut schütteln. Ideale Trinktemperatur 5°C"]},{"key":"Kontakt:","value":["Chiefs AG","Baarerstrasse 2, 6304 Zug, Schweiz"]}],"nutritions":[{"key":"","value":"Unzubereitet"},{"key":" ","value":"100 ml"},{"key":"Energie","value":"177 kJ | 42 kcal"},{"key":"Fett","value":"0,6 g"},{"key":"Fett, davon gesättigte Fettsäuren","value":"0,4 g"},{"key":"Kohlenhydrate","value":"2,1 g"},{"key":"Kohlenhydrate, davon Zucker","value":"1,8 g"},{"key":"Eiweiß","value":"7 g"},{"key":"Salz","value":"0,09 g"},{"key":"","value":"Unzubereitet"},{"key":" ","value":"Portion (330 ml)"},{"key":"Energie","value":"584 kJ | 139 kcal"},{"key":"Fett","value":"2 g"},{"key":"Fett, davon gesättigte Fettsäuren","value":"1,3 g"},{"key":"Kohlenhydrate","value":"6,9 g"},{"key":"Kohlenhydrate, davon Zucker","value":"5,9 g"},{"key":"Eiweiß","value":"23 g"},{"key":"Salz","value":"0,3 g"}],"tags":["Glutenfrei","Lactosefrei"]},
    {"url":"https://www.interspar.at/shop/lebensmittel/p/3040331","data":[{"key":"price","value":"1,10 €"},{"key":"oldPrice","value":"\n\t\t\t\t\t\n\t\t\t\t\t \n\t\t\t\t"},{"key":"pricePerUnit","value":"(21.90 €/kg)"},{"key":"productDetailsName","value":"Saint Agur - Französischer Edelpilzkäse - 1 KG"},{"key":"detailsDescription","value":"1 KG"},{"key":"articleNumber","value":"Artikelnummer: 3040331"},{"key":"Zutaten:","value":["Zutaten: MILCH, Salz, Penicillium Roqueforte, Käsereikulturen. In Großbuchstaben angegebene Zutaten enthalten allergene Inhaltsstoffe."]},{"key":"Allergene:","value":["Enthält:Milch und daraus gewonnene Erzeugnisse (inkl. Laktose)"]},{"key":"Kontakt:","value":["SPAR"]}],"nutritions":[{"key":"","value":"Unzubereitet"},{"key":" ","value":"100 g"},{"key":"Energie","value":"1493 kJ | 361 kcal"},{"key":"Fett","value":"33 g"},{"key":"Fett, davon gesättigte Fettsäuren","value":"23 g"},{"key":"Kohlenhydrate","value":"0,5 g"},{"key":"Kohlenhydrate, davon Zucker","value":"0 g"},{"key":"Ballaststoffe","value":"0 g"},{"key":"Eiweiß","value":"16 g"},{"key":"Salz","value":"2,2 g"}],"tags":["Gekühlt","Glutenfrei"]},
    {"url":"https://www.interspar.at/shop/lebensmittel/p/3045954","data":[{"key":"price","value":"0,90 €"},{"key":"oldPrice","value":"\n\t\t\t\t\t\n\t\t\t\t\t \n\t\t\t\t"},{"key":"pricePerUnit","value":"(17.90 €/kg)"},{"key":"productDetailsName","value":"Galbani - Dolcelatte - 1 KG"},{"key":"detailsDescription","value":"1 KG"},{"key":"articleNumber","value":"Artikelnummer: 3045954"},{"key":"Lagerhinweis:","value":["Gekühlt lagern bei +4° - 7°C."]},{"key":"Zutaten:","value":["Zutaten: pasteurisierte MILCH, Rahm, Salz, Lab. In Großbuchstaben angegebene Zutaten enthalten allergene Inhaltsstoffe"]},{"key":"Allergene:","value":["Enthält:Milch und daraus gewonnene Erzeugnisse (inkl. Laktose)"]},{"key":"Identitätskennzeichen:","value":["IT 03 1 CE"]},{"key":"Ursprungsland/Herkunftsort:","value":["Italien"]},{"key":"Kontakt:","value":["S.p.A. Egidio Galbani","Via Flavio Gipia, 8 - 20149 Milano, Italien"]}],"nutritions":[{"key":"","value":"Unzubereitet"},{"key":" ","value":"100 g"},{"key":"Energie","value":"1340 kJ | 320 kcal"},{"key":"Fett","value":"27 g"},{"key":"Fett, davon gesättigte Fettsäuren","value":"18 g"},{"key":"Kohlenhydrate","value":"0 g"},{"key":"Kohlenhydrate, davon Zucker","value":"0 g"},{"key":"Ballaststoffe","value":"0 g"},{"key":"Eiweiß","value":"0 g"},{"key":"Salz","value":"0 g"}],"tags":["Gekühlt","Glutenfrei"]},
    {"url":"https://www.interspar.at/shop/lebensmittel/p/3046241","data":[{"key":"price","value":"1,99 €"},{"key":"oldPrice","value":"\n\t\t\t\t\t\n\t\t\t\t\tstatt 2,49 €\n\t\t\t\t"},{"key":"pricePerUnit","value":"(13.27 €/kg)"},{"key":"productDetailsName","value":"Castello - Weichkäse Blue - 150 G"},{"key":"detailsDescription","value":"150 G"},{"key":"articleNumber","value":"Artikelnummer: 3046241"},{"key":"Lagerhinweis:","value":["Lagern bei + 8°C."]},{"key":"Zutaten:","value":["Zutaten: Pasteurisierte MILCH, SAHNE, Salz, Milchsäurebakterien, mikrobielles Lab, Blauschimmelkulturen. In Großbuchstaben angegebene Zutaten enthalten allergene Inhaltsstoffe."]},{"key":"Allergene:","value":["Enthält:Milch und daraus gewonnene Erzeugnisse (inkl. Laktose)"]},{"key":"Identitätskennzeichen:","value":["DK-M 201 EC"]},{"key":"Kontakt:","value":["Arla Foods Deutschland GmbH","Wahlerstraße 2, 40472 Düsseldorf, Deutschland"]}],"nutritions":[{"key":"","value":"Unzubereitet"},{"key":" ","value":"100 g"},{"key":"Energie","value":"1779 kJ | 431 kcal"},{"key":"Fett","value":"42 g"},{"key":"Fett, davon gesättigte Fettsäuren","value":"27 g"},{"key":"Kohlenhydrate","value":"0,5 g"},{"key":"Kohlenhydrate, davon Zucker","value":"0,5 g"},{"key":"Eiweiß","value":"13 g"},{"key":"Salz","value":"1,6 g"}],"tags":["Glutenfrei"]},
    {"url":"https://www.interspar.at/shop/lebensmittel/p/3304983","data":[{"key":"price","value":"1,89 €"},{"key":"oldPrice","value":"\n\t\t\t\t\t\n\t\t\t\t\t \n\t\t\t\t"},{"key":"pricePerUnit","value":"(5.73 €/kg)"},{"key":"productDetailsName","value":"Efko - Farmer Salat - 330 G"},{"key":"detailsDescription","value":"330 G"},{"key":"articleNumber","value":"Artikelnummer: 3304983"},{"key":"Lagerhinweis:","value":["Gekühlt lagern (3-9°C). Nach dem Öffnen noch 3 Tage haltbar."]},{"key":"Zutaten:","value":["Zutaten: 50% Gemüse in veränderlichen Gewichtsanteilen (SELLERIE, Karotten, Porree), 50% Mayonnaise 50% Fett (Rapsöl, Wasser, Zucker, EIGELB, modifizierte Maisstärke, Weingeistessig, Salz, Konservierungsstoff: Kaliumsorbat und Natriumbenzoat. In Großbuchstaben angegebene Zutaten enthalten allergene Inhaltsstoffe."]},{"key":"Allergene:","value":["Enthält:Eier und daraus gewonnene Erzeugnisse, Sellerie und daraus gewonnene Erzeugnisse"]},{"key":"Verbrauchen nach dem Öffnen:","value":["3 Tage"]},{"key":"Kontakt:","value":["efko","4070 Eferding, Österreich"]}],"nutritions":[{"key":"","value":"Unzubereitet"},{"key":" ","value":"100 g"},{"key":"Energie","value":"1047 kJ | 254 kcal"},{"key":"Fett","value":"25 g"},{"key":"Fett, davon gesättigte Fettsäuren","value":"2,1 g"},{"key":"Kohlenhydrate","value":"5 g"},{"key":"Kohlenhydrate, davon Zucker","value":"3,1 g"},{"key":"Eiweiß","value":"1,8 g"},{"key":"Salz","value":"0,9 g"}],"tags":["Glutenfrei","Lactosefrei"]},
    {"url":"https://www.interspar.at/shop/lebensmittel/p/3304990","data":[{"key":"price","value":"1,89 €"},{"key":"oldPrice","value":"\n\t\t\t\t\t\n\t\t\t\t\t \n\t\t\t\t"},{"key":"pricePerUnit","value":"(5.73 €/kg)"},{"key":"productDetailsName","value":"Efko - Gemüse Salat - 330 G"},{"key":"detailsDescription","value":"330 G"},{"key":"articleNumber","value":"Artikelnummer: 3304990"},{"key":"Lagerhinweis:","value":["Gekühlt lagern (3 - 9°C). Nach dem Öffnen noch 3 Tage haltbar."]},{"key":"Zutaten:","value":["Zutaten: 55% Gemüse in veränderlichen Gewichtsanteilen (Karotten, Gurken, Mais, Erbsen), 45% Mayonnaise 50% Fett (Rapsöl, Wasser, Zucker, EIGELB, modifizierte Maisstärke, Salz, Konservierungsstoff: Natriumbenzoat, Kaliumsorbat). In Großbuchstaben angegebene Zutaten enthalten allergene Inhaltsstoffe."]},{"key":"Allergene:","value":["Enthält:Eier und daraus gewonnene Erzeugnisse"]},{"key":"Verbrauchen nach dem Öffnen:","value":["3 Tage"]},{"key":"Kontakt:","value":["Efko Frischfrucht & Delikatessen GmbH","Hinzenbach 38, 4070 Eferding, Österreich"]}],"nutritions":[],"tags":["Glutenfrei","Lactosefrei"]},
    {"url":"https://www.interspar.at/shop/lebensmittel/p/3516171","data":[{"key":"price","value":"1,99 €"},{"key":"oldPrice","value":"\n\t\t\t\t\t\n\t\t\t\t\t \n\t\t\t\t"},{"key":"pricePerUnit","value":"(5.31 €/kg)"},{"key":"productDetailsName","value":"Feinkost Spak - Gemüse Salat Klassik - 375 G"},{"key":"detailsDescription","value":"375 G"},{"key":"articleNumber","value":"Artikelnummer: 3516171"},{"key":"Lagerhinweis:","value":["Gekühlt lagern bei +2°C bis +6°C. Nach dem Öffnen innerhalb von 5 Tagen verbrauchen."]},{"key":"Zutaten:","value":["Zutaten: 58% Gemüsezubereitung (Karotten, Erbsen, Gurken, Gelbe Rüben, Mais, Weingeistessig, Speisesalz, Konservierungsstoff: Natriumbenzoat; Süßungsmittel: Saccharin), Trinkwasser, Rapsöl, Zucker, MAGERJOGHURT, Speisesalz, EIGELB, SENFKORN, Gewürze, modifizierte Stärke, Säuerungsmittel: Milchsäure; Konservierungsstoff: Kaliumsorbat; Verdickungsmittel: Xanthan, Johannisbrotkernmehl, Guarkernmehl. In Großbuchstaben angegebene Zutaten enthalten allergene Inhaltsstoffe."]},{"key":"Allergene:","value":["Enthält:Eier und daraus gewonnene Erzeugnisse, Milch und daraus gewonnene Erzeugnisse (inkl. Laktose)"]},{"key":"Zusatztext:","value":["Hergestellt mit Eiern aus Freilandhaltung, Mayonnaise aus Rapsöl"]},{"key":"Verbrauchen nach dem Öffnen:","value":["5 Tage"]},{"key":"Kontakt:","value":["SP Feinkost Vertriebs GmbH","Laxenburgerstraße 365, 1230 Wien, Österreich"]}],"nutritions":[{"key":"","value":"Unzubereitet"},{"key":" ","value":"100 g"},{"key":"Energie","value":"780 kJ | 189 kcal"},{"key":"Fett","value":"17 g"},{"key":"Fett, davon gesättigte Fettsäuren","value":"1,4 g"},{"key":"Kohlenhydrate","value":"6,2 g"},{"key":"Kohlenhydrate, davon Zucker","value":"3,7 g"},{"key":"Eiweiß","value":"1,8 g"},{"key":"Salz","value":"1,3 g"}],"tags":["Glutenfrei","Lactosefrei"]},
    {"url":"https://www.interspar.at/shop/lebensmittel/p/5673438","data":[{"key":"price","value":"0,80 €"},{"key":"oldPrice","value":"\n\t\t\t\t\t\n\t\t\t\t\t \n\t\t\t\t"},{"key":"pricePerUnit","value":"(15.90 €/kg)"},{"key":"productDetailsName","value":"Bergader - Edelpilzkäse - 1 KG"},{"key":"detailsDescription","value":"1 KG"},{"key":"articleNumber","value":"Artikelnummer: 5673438"},{"key":"Lagerhinweis:","value":["Gekühlt bei +2°C bis +7°C lagern. Nach dem Öffnen innerhalb von 4 Tagen verbrauchen."]},{"key":"Zutaten:","value":["Zutaten: pasteurisierte KUHMILCH, Salz, Lab, Schimmelkulturen (Penicilium Roqueforti). In Großbuchstaben angegebene Zutaten enthalten allergene Inhaltsstoffe."]},{"key":"Allergene:","value":["Enthält:Milch und daraus gewonnene Erzeugnisse (inkl. Laktose)"]},{"key":"Verbrauchen nach dem Öffnen:","value":["4 Tage"]},{"key":"Kontakt:","value":["Bergader Privatkäserei GmbH","Weixlerstraße 16, 83329 Waging am See, Deutschland","info@bergader.de"]}],"nutritions":[{"key":"","value":"Unzubereitet"},{"key":" ","value":"100 g"},{"key":"Energie","value":"1376 kJ | 332 kcal"},{"key":"Fett","value":"28 g"},{"key":"Fett, davon gesättigte Fettsäuren","value":"19,3 g"},{"key":"Kohlenhydrate","value":"0,5 g"},{"key":"Kohlenhydrate, davon Zucker","value":"0,3 g"},{"key":"Eiweiß","value":"19,5 g"},{"key":"Salz","value":"3,5 g"}],"tags":["Gekühlt","Glutenfrei"]},
    {"url":"https://www.interspar.at/shop/lebensmittel/p/6274429","data":[{"key":"price","value":"0,92 €"},{"key":"oldPrice","value":"\n\t\t\t\t\t\n\t\t\t\t\t \n\t\t\t\t"},{"key":"pricePerUnit","value":"(18.50 €/kg)"},{"key":"productDetailsName","value":"Galbani - Gorgonzola Cremoso - 1 KG"},{"key":"detailsDescription","value":"1 KG"},{"key":"articleNumber","value":"Artikelnummer: 6274429"},{"key":"Lagerhinweis:","value":["Gekühlt lagern bei +4° - 7°C."]},{"key":"Zutaten:","value":["Zutaten: pasteurisierte KUHMILCH, Salz, Lab. In Großbuchstaben angegebene Zutaten enthalten allergene Inhaltsstoffe."]},{"key":"Allergene:","value":["Enthält:Milch und daraus gewonnene Erzeugnisse (inkl. Laktose)"]},{"key":"Identitätskennzeichen:","value":["IT 031 CE"]},{"key":"Kontakt:","value":["S.p.A. Egidio Galabni","Viva Flavio Gipia, 8 - 20149 Milano - Italien"]}],"nutritions":[{"key":"","value":"Unzubereitet"},{"key":" ","value":"100 g"},{"key":"Energie","value":"1339 kJ | 323 kcal"},{"key":"Fett","value":"27,7 g"},{"key":"Fett, davon gesättigte Fettsäuren","value":"18 g"},{"key":"Kohlenhydrate","value":"1 g"},{"key":"Kohlenhydrate, davon Zucker","value":"0 g"},{"key":"Ballaststoffe","value":"0 g"},{"key":"Eiweiß","value":"19 g"},{"key":"Salz","value":"1,4 g"},{"key":"Broteinheiten","value":"0,1 BE"}],"tags":["Gekühlt","Glutenfrei"]},
    {"url":"https://www.interspar.at/shop/lebensmittel/p/7896750","data":[{"key":"price","value":"1,59 €"},{"key":"oldPrice","value":"\n\t\t\t\t\t\n\t\t\t\t\t \n\t\t\t\t"},{"key":"pricePerUnit","value":"(5.89 €/kg)"},{"key":"productDetailsName","value":"Tante Fanny - Frischer Flammkuchenteig - 270 G"},{"key":"detailsDescription","value":"270 G"},{"key":"articleNumber","value":"Artikelnummer: 7896750"},{"key":"Lagerhinweis:","value":["Gekühlt lagern bei +2°C bis +7°C. Nach dem Öffnen umgehend verarbeiten."]},{"key":"Zutaten:","value":["Zutaten: WEIZENMEHL, Trinkwasser, pflanzliches Fett (Palm) und pflanzliches Öl (Raps), Speisesalz, Ethylalkohol, WEIZENSTÄRKE, Backtriebmittel: Dinatriumdiphosphat, Natriumhydrogencarbonat; Emulgator: Mono- und Diacetylweinsäureester von Mono- und Diglyceriden von Speisefettsäuren, Lecithine; LAKTOSE, MAGERMILCHPULVER, Säuerungsmittel: Citronensäure, Verdickungsmittel: Guarkernmehl; Hefe, Antioxidationsmittel: Ascorbinsäure. In Großbuchstaben angegebene Zutaten enthalten allergene Inhaltsstoffe."]},{"key":"Allergene:","value":["Enthält:Glutenhaltiges Getreide und daraus hergestellte Erzeugnisse, Milch und daraus gewonnene Erzeugnisse (inkl. Laktose)"]},{"key":"Zubereitung:","value":["BackenRezeptidee für Elsässer Flammkuchen: 1. Den Teig bis knapp an den Rand mit ca. 150g Crème Fraiche oder Schmand bestreichen. 2. Ca. 90g Speck und 60g Zwiebel in gleich große Würfel oder Ringe schneiden, über der weißen Creme verteilen und bei 220 °C ca. 15 Minuten knusprig backen. Versuchen Sie ein süßes Rezept mit einem Belag aus Topfen (Quark), Apfelscheiben und Zucker-Zimt Mischung.","BackenFlammkuchenteig direkt aus dem Kühlschrank verarbeiten! 1. Backrohr auf 220 °C Ober-/Unterhitze bzw. 200 °C Heißluft vorheizen. 2. Flammkuchenteig aus der Verpackung nehmen und mit dem Backpapier direkt auf dem Backblech entrollen. Backzeit kann je nach Ofen variieren."]},{"key":"Kontakt:","value":["Tante Fanny Frischteig GmbH","Parkstraße 24, 4311 Schwertberg, Österreich"]}],"nutritions":[{"key":"","value":"Unzubereitet"},{"key":" ","value":"100 g"},{"key":"Energie","value":"1075 kJ | 254 kcal"},{"key":"Fett","value":"4 g"},{"key":"Fett, davon gesättigte Fettsäuren","value":"1,7 g"},{"key":"Kohlenhydrate","value":"46 g"},{"key":"Kohlenhydrate, davon Zucker","value":"0,9 g"},{"key":"Ballaststoffe","value":"1,6 g"},{"key":"Eiweiß","value":"7,8 g"},{"key":"Salz","value":"2,2 g"}],"tags":["Vegetarisch"]},
    {"url":"https://www.interspar.at/shop/lebensmittel/p/8185341","data":[{"key":"price","value":"1,39 €"},{"key":"oldPrice","value":"\n\t\t\t\t\t\n\t\t\t\t\t \n\t\t\t\t"},{"key":"pricePerUnit","value":"(27.90 €/kg)"},{"key":"productDetailsName","value":"Heart of England - Weichkäse - 1 KG"},{"key":"detailsDescription","value":"1 KG"},{"key":"articleNumber","value":"Artikelnummer: 8185341"},{"key":"Lagerhinweis:","value":["gekühlt lagern bei +2° - 5°C, nach dem öffnen rasch verbrauchen"]},{"key":"Zutaten:","value":["Zutaten: pasteurisierte MILCH, Salz, Penicillum Roquefort, Säuerungskulturen, Lab. Rinde zum Verzehr geeignet. In Großbuchstaben angegebene Zutaten enthalten allergene Inhaltsstoffe."]},{"key":"Allergene:","value":["Enthält:Milch und daraus gewonnene Erzeugnisse (inkl. Laktose)"]},{"key":"Identitätskennzeichen:","value":["UK SS206 EC"]},{"key":"Ursprungsland/Herkunftsort:","value":["England"]},{"key":"Kontakt:","value":["Ilchester","Somerset, England"]}],"nutritions":[{"key":"","value":"Unzubereitet"},{"key":" ","value":"100 g"},{"key":"Energie","value":"1751 kJ | 410 kcal"},{"key":"Fett","value":"35 g"},{"key":"Fett, davon gesättigte Fettsäuren","value":"23 g"},{"key":"Kohlenhydrate","value":"0,1 g"},{"key":"Kohlenhydrate, davon Zucker","value":"0,1 g"},{"key":"Ballaststoffe","value":"0 g"},{"key":"Eiweiß","value":"24 g"},{"key":"Salz","value":"1 g"}],"tags":["Gekühlt","Glutenfrei"]},
    {"url":"https://www.interspar.at/shop/lebensmittel/p/863377","data":[{"key":"price","value":"1,39 €"},{"key":"oldPrice","value":"\n\t\t\t\t\t\n\t\t\t\t\t \n\t\t\t\t"},{"key":"pricePerUnit","value":"(6.95 €/kg)"},{"key":"productDetailsName","value":"Efko - Farmer Salat - 200 G"},{"key":"detailsDescription","value":"200 G"},{"key":"articleNumber","value":"Artikelnummer: 863377"},{"key":"Lagerhinweis:","value":["Gekühlt lagern (3 - 9°C). Nach dem Öffnen noch 3 Tage haltbar."]},{"key":"Zutaten:","value":["Zutaten: 50% Gemüse in veränderlichen Gewichtsanteilen (SELLERIE, Karotten, Porree), 50% Mayonnaise 50% Fett (Rapsöl, Wasser, Zucker, EIGELB, modifizierte Maisstärke, Weingeistessig, Salz, Konservierungsstoff: Kaliumsorbat und Natriumbenzoat). In Großbuchstaben angegebene Zutaten enthalten allergene Inhaltsstoffe."]},{"key":"Allergene:","value":["Enthält:Eier und daraus gewonnene Erzeugnisse, Sellerie und daraus gewonnene Erzeugnisse"]},{"key":"Verbrauchen nach dem Öffnen:","value":["3 Tage"]},{"key":"Kontakt:","value":["Efko Frischfrucht & Delikatessen GmbH","Hinzenbach 38, 4070 Eferding, Österreich"]}],"nutritions":[{"key":"","value":"Unzubereitet"},{"key":" ","value":"100 g"},{"key":"Energie","value":"1047 kJ | 254 kcal"},{"key":"Fett","value":"25 g"},{"key":"Fett, davon gesättigte Fettsäuren","value":"2,1 g"},{"key":"Kohlenhydrate","value":"5 g"},{"key":"Kohlenhydrate, davon Zucker","value":"3,1 g"},{"key":"Eiweiß","value":"1,8 g"},{"key":"Salz","value":"0,9 g"}],"tags":["Glutenfrei","Lactosefrei","immer Billig"]},
    {"url":"https://www.interspar.at/shop/lebensmittel/p/2020001389285","data":[{"key":"price","value":"1,79 €"},{"key":"oldPrice","value":"\n\t\t\t\t\t\n\t\t\t\t\t \n\t\t\t\t"},{"key":"pricePerUnit","value":"(8.95 €/kg)"},{"key":"productDetailsName","value":"Efko - Apfel Lauch Salat - 200 G"},{"key":"detailsDescription","value":"200 G"},{"key":"articleNumber","value":"Artikelnummer: 2020001389285"}],"nutritions":[],"tags":["Gekühlt"]},
    {"url":"https://www.interspar.at/shop/lebensmittel/p/98519","data":[{"key":"price","value":"1,39 €"},{"key":"oldPrice","value":"\n\t\t\t\t\t\n\t\t\t\t\t \n\t\t\t\t"},{"key":"pricePerUnit","value":"(6.95 €/kg)"},{"key":"productDetailsName","value":"Efko - Gemüsesalat - 200 G"},{"key":"detailsDescription","value":"200 G"},{"key":"articleNumber","value":"Artikelnummer: 98519"},{"key":"Lagerhinweis:","value":["Gekühlt lagern (3 - 9°C). Nach dem Öffnen noch 3 Tage haltbar."]},{"key":"Zutaten:","value":["Zutaten: 55% Gemüse in veränderlichen Gewichtsanteilen (Karotten, Gurken, Mais, Erbsen), 45% Mayonnaise 50% Fett (Rapsöl, Wasser, Zucker, EIGELB, modifizierte Maisstärke, Salz, Konservierungsstoff: Natriumbenzoat, Kaliumsorbat). In Großbuchstaben angegebene Zutaten enthalten allergene Inhaltsstoffe."]},{"key":"Allergene:","value":["Enthält:Eier und daraus gewonnene Erzeugnisse"]},{"key":"Verbrauchen nach dem Öffnen:","value":["3 Tage"]},{"key":"Kontakt:","value":["Efko Frischfrucht & Delikatessen GmbH","Hinzenbach 38, 4070 Eferding, Österreich"]}],"nutritions":[{"key":"","value":"Unzubereitet"},{"key":" ","value":"100 g"},{"key":"Energie","value":"988 kJ | 239 kcal"},{"key":"Fett","value":"22 g"},{"key":"Fett, davon gesättigte Fettsäuren","value":"1,8 g"},{"key":"Kohlenhydrate","value":"8,1 g"},{"key":"Kohlenhydrate, davon Zucker","value":"4,9 g"},{"key":"Eiweiß","value":"1,5 g"},{"key":"Salz","value":"1,2 g"}],"tags":["immer Billig"]},
    {"url":"https://www.interspar.at/shop/lebensmittel/p/169844","data":[{"key":"price","value":"2,49 €"},{"key":"oldPrice","value":"\n\t\t\t\t\t\n\t\t\t\t\t \n\t\t\t\t"},{"key":"pricePerUnit","value":"(18.44 €/kg)"},{"key":"productDetailsName","value":"Santa Maria Tex Mex - Taco Shells 12 Stück - 135 G"},{"key":"detailsDescription","value":"135 G"},{"key":"articleNumber","value":"Artikelnummer: 169844"},{"key":"Lagerhinweis:","value":["Vor Wärme geschützt und trocken lagern."]},{"key":"Zutaten:","value":["Zutaten: Maismehl, Sonnenblumenöl, Rapsöl, Salz."]},{"key":"Kontakt:","value":["Maresi Austria GmbH","Meytensgasse 27, Postfach 111, A-1131 Wien"]}],"nutritions":[{"key":"","value":"Unzubereitet"},{"key":" ","value":"100 g"},{"key":"Energie","value":"1922 kJ | 459 kcal"},{"key":"Fett","value":"19 g"},{"key":"Fett, davon gesättigte Fettsäuren","value":"1,7 g"},{"key":"Kohlenhydrate","value":"62 g"},{"key":"Kohlenhydrate, davon Zucker","value":"1,4 g"},{"key":"Eiweiß","value":"6,4 g"},{"key":"Salz","value":"1,2 g"}],"tags":[]},
    {"url":"https://www.interspar.at/shop/lebensmittel/p/2020001220168","data":[{"key":"price","value":"1,99 €"},{"key":"oldPrice","value":"\n\t\t\t\t\t\n\t\t\t\t\t \n\t\t\t\t"},{"key":"pricePerUnit","value":"(6.12 €/kg)"},{"key":"productDetailsName","value":"Old El Paso - Soft Tortillas Flour 8 Stück - 325 G"},{"key":"detailsDescription","value":"325 G"},{"key":"articleNumber","value":"Artikelnummer: 2020001220168"},{"key":"Lagerhinweis:","value":["Kühl und trocken lagern. Die angebrochene Packung bitte wieder verschließen, im Kühlschrank aufbewahren und innerhalb von 3 Tagen verbrauchen."]},{"key":"Zutaten:","value":["Zutaten: WEIZENMEHL, Wasser, Stabilisator (Glycerin), Sonnenblumenöl, Emulgator (Mono- und Diglyceride von Speisefettsäuren), Dextrose, Backtriebmittel (Natriumhydrogencarbonat, Dinatriumdiphosphat), Speisesalz. In Großbuchstaben angegebene Zutaten enthalten allergene Inhaltsstoffe."]},{"key":"Allergene:","value":["Enthält:Glutenhaltiges Getreide und daraus hergestellte Erzeugnisse"]},{"key":"Zubereitung:","value":["BackenBackofen auf 140°C (Umluftherd: 120°C) vorheizen. Tortillastapel aus der Verpackung nehmen, in Alufolie wickeln und auf dem mittleren Blech für 10 Minuten erwärmen. Tortillas bis zum Servieren abgedeckt warm halten.","Zubereitung in der MikrowelleFolie mit einer Gabel mehrfach einstechen und die komplette Packung in der Mikrowelle bei voller Wattleistung (650 bis 800 Watt) für 35-40 Sekunden erhitzen. Die Verpackung öffnen (Achtung, heiß!), die einzelnen Tortillas voneinander trennen und bis zum Servieren abgedeckt warm halten."]},{"key":"Ursprungsland/Herkunftsort:","value":["Hergestellt in Spanien"]},{"key":"Verbrauchen nach dem Öffnen:","value":["3 Tage"]},{"key":"Verwendungshinweis:","value":["Zum Einfrieren geeignet. Vor Gebrauch vollständig auftauen. Aufgetautes Produkt nicht wieder einfrieren."]},{"key":"Kontakt:","value":["General Mills GmbH","Osterbekstraße 90c, 22083 Hamburg, Deutschland"]}],"nutritions":[{"key":"","value":"Unzubereitet"},{"key":" ","value":"100 g"},{"key":"Energie","value":"1264 kJ | 299 kcal"},{"key":"Fett","value":"5,2 g"},{"key":"Fett, davon gesättigte Fettsäuren","value":"1,2 g"},{"key":"Kohlenhydrate","value":"53,2 g"},{"key":"Kohlenhydrate, davon Zucker","value":"2,1 g"},{"key":"Ballaststoffe","value":"1,6 g"},{"key":"Eiweiß","value":"9,1 g"},{"key":"Salz","value":"1 g"},{"key":"","value":"Unzubereitet"},{"key":" ","value":"Portion (41 g)"},{"key":"Energie","value":"515 kJ | 122 kcal | 6 %"},{"key":"Fett","value":"2,1 g | 3 %"},{"key":"Fett, davon gesättigte Fettsäuren","value":"0,5 g | 2 %"},{"key":"Kohlenhydrate","value":"21,7 g | 8 %"},{"key":"Kohlenhydrate, davon Zucker","value":"0,9 g | 1 %"},{"key":"Ballaststoffe","value":"0,7 g"},{"key":"Eiweiß","value":"3,7 g | 7 %"},{"key":"Salz","value":"0,41 g | 7 %"}],"tags":[]},
    {"url":"https://www.interspar.at/shop/lebensmittel/p/2020001220212","data":[{"key":"price","value":"1,99 €"},{"key":"oldPrice","value":"\n\t\t\t\t\t\n\t\t\t\t\t \n\t\t\t\t"},{"key":"pricePerUnit","value":"(5.69 €/kg)"},{"key":"productDetailsName","value":"Old El Paso - Soft Wrap Tortillas Flour - 350 G"},{"key":"detailsDescription","value":"350 G"},{"key":"articleNumber","value":"Artikelnummer: 2020001220212"},{"key":"Lagerhinweis:","value":["Kühl und trocken lagern. Die angebrochene Packung bitte wieder verschließen, im Kühlschrank aufbewahren und innerhalb von 3 Tagen verbrauchen."]},{"key":"Zutaten:","value":["Zutaten: WEIZENMEHL, Wasser, Stabilisator (Glycerin), Sonnenblumenöl, Emulgator (Mono- und Diglyceride von Speisefettsäuren), Dextrose, Backtriebmittel (Natriumhydrogencarbonat, Dinatriumdiphosphat), Speisesalz. In Großbuchstaben angegebene Zutaten enthalten allergene Inhaltsstoffe."]},{"key":"Allergene:","value":["Enthält:Glutenhaltiges Getreide und daraus hergestellte Erzeugnisse"]},{"key":"Zubereitung:","value":["BackenBackofen auf 140°C (Umluftherd: 120°C) vorheizen. Tortillastapel aus der Verpackung nehmen, in Alufolie wickeln und auf dem mittleren Blech für 10 Minuten erwärmen. Tortillas bis zum Servieren abgedeckt warm halten.","Zubereitung in der MikrowelleFolie mit einer Gabel mehrfach einstechen und die komplette Packung in der Mikrowelle bei voller Wattleistung (650 bis 800 Watt) für 35-40 Sekunden erhitzen. Die Verpackung öffnen (Achtung, heiß!), die einzelnen Tortillas voneinander trennen und bis zum Servieren abgedeckt warm halten."]},{"key":"Verbrauchen nach dem Öffnen:","value":["3 Tage"]},{"key":"Verwendungshinweis:","value":["Zum Einfrieren geeignet. Vor Gebrauch vollständig auftauen. Aufgetautes Produkt nicht wieder einfrieren."]},{"key":"Kontakt:","value":["General Mills GmbH","Osterbekstraße 90c, 22083 Hamburg, Deutschland"]}],"nutritions":[{"key":"","value":"Unzubereitet"},{"key":" ","value":"100 g"},{"key":"Energie","value":"1264 kJ | 299 kcal"},{"key":"Fett","value":"5,2 g"},{"key":"Fett, davon gesättigte Fettsäuren","value":"1,2 g"},{"key":"Kohlenhydrate","value":"53,2 g"},{"key":"Kohlenhydrate, davon Zucker","value":"2,1 g"},{"key":"Ballaststoffe","value":"1,6 g"},{"key":"Eiweiß","value":"9,1 g"},{"key":"Salz","value":"1 g"},{"key":"","value":"Unzubereitet"},{"key":" ","value":"Portion (58 g)"},{"key":"Energie","value":"738 kJ | 175 kcal"},{"key":"Fett","value":"3 g"},{"key":"Fett, davon gesättigte Fettsäuren","value":"0,7 g"},{"key":"Kohlenhydrate","value":"31 g"},{"key":"Kohlenhydrate, davon Zucker","value":"1,2 g"},{"key":"Ballaststoffe","value":"0,9 g"},{"key":"Eiweiß","value":"5,3 g"},{"key":"Salz","value":"0,58 g"}],"tags":[]},
    {"url":"https://www.interspar.at/shop/lebensmittel/p/2020001241170","data":[{"key":"price","value":"3,49 €"},{"key":"oldPrice","value":"\n\t\t\t\t\t\n\t\t\t\t\t \n\t\t\t\t"},{"key":"pricePerUnit","value":"(18.08 €/kg)"},{"key":"productDetailsName","value":"Old El Paso - Stand'n'Stuff Soft Tortillas Flour - 193 G"},{"key":"detailsDescription","value":"193 G"},{"key":"articleNumber","value":"Artikelnummer: 2020001241170"},{"key":"Zutaten:","value":["Zutaten: WEIZENMEHL, Wasser, Stabilisator (Glycerin), Sonnenblumenöl, Backtriebmittel (Natriumhydrogencarbonat, Calciumphosphat), Emulgator (Mono- und Diglyceride von Speisefettsäuren), Dextrose, Speisesalz. In Großbuchstaben angegebene Zutaten enthalten allergene Inhaltsstoffe."]},{"key":"Allergene:","value":["Enthält:Glutenhaltiges Getreide und daraus hergestellte Erzeugnisse"]},{"key":"Zubereitung:","value":["Erhitzen und servierenTortillas aus der Verpackung nehmen, in Alufolie wickeln und im Backofen bei 165°C für 7-9 Min erwärmen."]},{"key":"Verwendungshinweis:","value":["Nicht in der Plastikverpackung erhitzen!"]},{"key":"Kontakt:","value":["General Mills GmbH","Osterbekstraße 90C, 22083 Hamburg, Deutschland"]}],"nutritions":[{"key":"","value":"Unzubereitet"},{"key":" ","value":"100 g"},{"key":"Energie","value":"1308 kJ | 310 kcal"},{"key":"Fett","value":"5 g"},{"key":"Fett, davon gesättigte Fettsäuren","value":"1 g"},{"key":"Kohlenhydrate","value":"53 g"},{"key":"Kohlenhydrate, davon Zucker","value":"2 g"},{"key":"Ballaststoffe","value":"3 g"},{"key":"Eiweiß","value":"9 g"},{"key":"Salz","value":"1 g"},{"key":"","value":"Unzubereitet"},{"key":" ","value":"Portion (24 g)"},{"key":"Energie","value":"314 kJ | 74 kcal | 4 %"},{"key":"Fett","value":"1 g | 1 %"},{"key":"Fett, davon gesättigte Fettsäuren","value":"0,2 g | 1 %"},{"key":"Kohlenhydrate","value":"13 g | 5 %"},{"key":"Kohlenhydrate, davon Zucker","value":"0,5 g | 0,5 %"},{"key":"Ballaststoffe","value":"0,7 g"},{"key":"Eiweiß","value":"2 g | 4 %"},{"key":"Salz","value":"0,24 g | 4 %"}],"tags":[]},
    {"url":"https://www.interspar.at/shop/lebensmittel/p/2020001241248","data":[{"key":"price","value":"3,89 €"},{"key":"oldPrice","value":"\n\t\t\t\t\t\n\t\t\t\t\t \n\t\t\t\t"},{"key":"pricePerUnit","value":"(7.78 €/kg)"},{"key":"productDetailsName","value":"Old El Paso - Fajita Kit Original - "},{"key":"detailsDescription","value":""},{"key":"articleNumber","value":"Artikelnummer: 2020001241248"},{"key":"Lagerhinweis:","value":["Kühl und trocken lagern."]},{"key":"Zutaten:","value":["Weizentortillas (326g) - Zutaten: WEIZENMEHL, Wasser, Stabilisator (Glycerin), Sonnenblumenöl, Emulgator (Mono- und Diglyceride von Speisefettsäuren), Dextrose, Backtriebmittel (Natriumhydogencarbonat, Dinatriumdiphosphat), Speisesalz.Original Salsa (144g) - Zutaten: Tomaten (61%), Zwiebeln (16%), grüne Paprika (10%), Tomatenmark, Speisesalz (1,3%), Alkoholessig, Zwiebelflocken, Zucker, Zwiebelpulver, Zitronensaftkonzentrat, Guajillo Chili (0,4%), Knoblauchpulver, Gewürze, Säureregulator (Citronensäure). Würzmischung für Fajitas (30g) - Zutaten: Zucker, getrocknetes Gemüse (Zwiebeln, Knoblauch), Speisesalz, Aromen, Raucharomen, hydolysiertes SOJAPROTEIN, Gewürze (5,5%) (schwarzer Pfeffer, Cayenne-Pfeffer, Ingwer), Säureregulatoren (Natriumacetate, Citronensäure), Hefeextrakt, Farbstoff (einfaches Zuckerkulör). In Großbuchstaben angegebene Zutaten enthalten allergene Inhaltsstoffe."]},{"key":"Allergene:","value":["Enthält:Glutenhaltiges Getreide und daraus hergestellte Erzeugnisse, Sojabohnen und daraus gewonnene Erzeugnisse"]},{"key":"Zubereitung:","value":["Backen1. Füllung vorbereitenZwiebeln und Paprika in Streifen schneiden. Fleisch ebenfalls in Streifen schneiden, in heißem Öl anbraten und für ca. 4 Minuten weiterbraten. Dann die Fajita Würzmischung und das Gemüse hinzufügen und gut verrühren. Für 3 Minuten weiterkochen, bis die Würzmischung und die anderen Zutaten gut vermischt sind.2. Tortillas vorbereitenBACKOFEN: Backofen auf 140°C (Umluft: 120°C) vorheizen. Tortillas aus der Verpackung nehmen, in Alufolie wickeln und für 10 Minuten erwärmen. Tortillas bis zum Servieren abgedeckt warm halten.3. Füllen und wickelnTortillas und Füllung servieren. Jeder kann nun seine Tortillas mit der Fleisch-Gemüse-Füllung belegen. Darauf die Original Salsa geben und die Tortilla zu einer Fajita rollen. Guten Appetit!","Zubereitung in der Mikrowelle1. Füllung vorbereitenZwiebeln und Paprika in Streifen schneiden. Fleisch ebenfalls in Streifen schneiden, in heißem Öl anbraten und für ca. 4 Minuten weiterbraten. Dann die Fajita Würzmischung und das Gemüse hinzufügen und gut verrühren. Für 3 Minuten weiterkochen, bis die Würzmischung und die anderen Zutaten gut vermischt sind.2. Tortillas vorbereitenMIKROWELLE: Folie mit einer Gabel mehrfach einstechen und die komplette Packung in der Mikrowelle bei voller Wattleistung (650-800W) für 35-40 Sekunden erhitzen. Die Verpackung öffnen (Achtung: heiß!), Tortillas voneinander trennen und bis zum Servieren abgedeckt warm halten. 3. Füllen und wickelnTortillas und Füllung servieren. Jeder kann nun seine Tortillas mit der Fleisch-Gemüse-Füllung belegen. Darauf die Original Salsa geben und die Tortilla zu einer Fajita rollen. Guten Appetit!"]},{"key":"Kontakt:","value":["General Mills GmbH","Osterbekstraße 90C, 22083 Hamburg, Deutschland"]}],"nutritions":[{"key":"","value":"Unzubereitet"},{"key":" ","value":"100 g"},{"key":"Energie","value":"945 kJ | 224 kcal"},{"key":"Fett","value":"3,7 g"},{"key":"Fett, davon gesättigte Fettsäuren","value":"0,8 g"},{"key":"Kohlenhydrate","value":"40 g"},{"key":"Kohlenhydrate, davon Zucker","value":"6,1 g"},{"key":"Ballaststoffe","value":"1,8 g"},{"key":"Eiweiß","value":"6,8 g"},{"key":"Salz","value":"2,07 g"},{"key":"","value":"Unzubereitet"},{"key":" ","value":"Portion (63 g)"},{"key":"Energie","value":"591 kJ | 140 kcal | 7 %"},{"key":"Fett","value":"2,3 g | 3 %"},{"key":"Fett, davon gesättigte Fettsäuren","value":"0,5 g | 3 %"},{"key":"Kohlenhydrate","value":"25 g | 10 %"},{"key":"Kohlenhydrate, davon Zucker","value":"3,8 g | 4 %"},{"key":"Ballaststoffe","value":"1,1 g"},{"key":"Eiweiß","value":"4,2 g | 8 %"},{"key":"Salz","value":"1,3 g | 22 %"}],"tags":[]},
    {"url":"https://www.interspar.at/shop/lebensmittel/p/2020001241279","data":[{"key":"price","value":"3,89 €"},{"key":"oldPrice","value":"\n\t\t\t\t\t\n\t\t\t\t\t \n\t\t\t\t"},{"key":"pricePerUnit","value":"(6.27 €/kg)"},{"key":"productDetailsName","value":"Old El Paso - Burrito Kit Chili con Carne - "},{"key":"detailsDescription","value":""},{"key":"articleNumber","value":"Artikelnummer: 2020001241279"},{"key":"Lagerhinweis:","value":["Kühl und trocken lagern."]},{"key":"Zutaten:","value":["Weizentortillas (326g) - Zutaten: WEIZENMEHL, Wasser, Stabilisator (Glycerin), Sonnenblumenöl, Emulgator (Mono- und Diglyceride von Speisefettsäuren), Dextrose, Backtriebmittel (Natriumhydogencarbonat, Dinatriumdiphosphat), Speisesalz.Original Salsa (144g) - Zutaten: Tomaten (61%), Zwiebeln (16%), grüne Paprika (10%), Tomatenmark, Speisesalz (1,3%), Alkoholessig, getrocknete Zwiebel, Zucker, Zwiebelpulver, Citronensaftkonzentrat, Guajillo Chili (0,4%), Knoblauchpulver, Gewürze, Säureregulator (Citronensäure). Kidneybohnen-Sauce (150g) - Zutaten: Wasser, Kidneybohnen (28%), Tomatenmark, Gewürze, Pintobohnenpulver, grüne Paprika, Speisesalz, Chili (1%), Zwiebelpulver, Säureregulator (Citronensäure), Knoblauchpulver, Kartoffelstärke, Käuter, Hefeextrakt, Aroma, Gewürzeextrakt, Farbstoff (Beetenrot). In Großbuchstaben angegebene Zutaten enthalten allergene Inhaltsstoffe."]},{"key":"Allergene:","value":["Enthält:Glutenhaltiges Getreide und daraus hergestellte Erzeugnisse"]},{"key":"Zubereitung:","value":["Backen1. Füllung vorbereitenEinen Esslöffel Öl in der Pfanne erhitzen, 500g Rinderhackfleisch hinzufügen und bei mittlerer Hitze 4 Minuten lang anbräunen. Kidneybohnen-Sauce und 50ml warmes Wasser hinzufügen. Temperatur herunterschalten und weitere 5 Minuten unter regelmäßigem Rühren schonend kochen, bis die Mixtur etwas eingedickt ist. 2. Tortillas vorbereitenBACKOFEN: Backofen auf 140°C (Umluft: 120°C) vorheizen. Tortillastapel aus der Verpackung nehmen, in Alufolie wickeln und für 10 Minuten erwärmen. Tortillas bis zum Servieren abgedeckt warm halten.3. Füllen und wickelnDie warmen Tortillas, Fleischfüllung, Käse, Salat, Tomaten und Original Salsa servieren. Jeder kann seinen eigenen Burrito mit den Lieblingszutaten befüllen, zusammenfalten und genießen!","Zubereitung in der Mikrowelle1. Füllung vorbereitenZwiebeln und Paprika in Streifen schneiden. Fleisch ebenfalls in Streifen schneiden, in heißem Öl anbraten und für ca. 4 Minuten weiterbraten. Dann die Fajita Würzmischung und das Gemüse hinzufügen und gut verrühren. Für 3 Minuten weiterkochen, bis die Würzmischung und die anderen Zutaten gut vermischt sind.2. Tortillas vorbereitenMIKROWELLE: Folie mit einer Gabel mehrfach einstechen und die komplette Packung bei voller Wattleistung (650-800 W) für 35-40 Sekunden erhitzen. Die Verpackung öffnen (Achtung: heiß!), die einzelnen Tortillas voneinander trennen und bis zum Servieren abgedeckt warmhalten. 3. Füllen und wickelnDie warmen Tortillas, Fleischfüllung, Käse, Salat, Tomaten und Original Salsa servieren. Jeder kann seinen eigenen Burrito mit den Lieblingszutaten befüllen, zusammenfalten und genießen!"]},{"key":"Kontakt:","value":["General Mills GmbH","Osterbekstraße 90C, 22083 Hamburg, Deutschland"]}],"nutritions":[{"key":"","value":"Unzubereitet"},{"key":" ","value":"100 g"},{"key":"Energie","value":"786 kJ | 186 kcal"},{"key":"Fett","value":"3,2 g"},{"key":"Fett, davon gesättigte Fettsäuren","value":"0,7 g"},{"key":"Kohlenhydrate","value":"31,7 g"},{"key":"Kohlenhydrate, davon Zucker","value":"2,6 g"},{"key":"Ballaststoffe","value":"2,9 g"},{"key":"Eiweiß","value":"6,2 g"},{"key":"Salz","value":"1,16 g"},{"key":"","value":"Unzubereitet"},{"key":" ","value":"Portion (78 g)"},{"key":"Energie","value":"609 kJ | 144 kcal | 7 %"},{"key":"Fett","value":"2,5 g | 4 %"},{"key":"Fett, davon gesättigte Fettsäuren","value":"0,5 g | 3 %"},{"key":"Kohlenhydrate","value":"24,6 g | 9 %"},{"key":"Kohlenhydrate, davon Zucker","value":"2 g | 2 %"},{"key":"Ballaststoffe","value":"2,2 g"},{"key":"Eiweiß","value":"4,8 g | 10 %"},{"key":"Salz","value":"0,9 g | 15 %"}],"tags":[]},
    {"url":"https://www.interspar.at/shop/lebensmittel/p/2020001295227","data":[{"key":"price","value":"1,99 €"},{"key":"oldPrice","value":"\n\t\t\t\t\t\n\t\t\t\t\tstatt 2,99 €\n\t\t\t\t"},{"key":"pricePerUnit","value":"(4.98 €/kg)"},{"key":"productDetailsName","value":"SPAR Feine Küche - Makkaroni al forno - 400 G"},{"key":"detailsDescription","value":"400 G"},{"key":"articleNumber","value":"Artikelnummer: 2020001295227"},{"key":"Lagerhinweis:","value":["Gekühlt lagern bei +2°C bis +5°C. Nach dem Öffnen zum unmittelbaren Verzehr bestimmt."]},{"key":"Zutaten:","value":["Zutaten: Tomaten-Fleischsauce 56%* (Wasser, Tomaten 20%, Schweinefleisch 16%, Käse (GOUDA, EDAMER, HOLLÄNDER, GROßLOCHKÄSE, EMMENTALER, BERGKÄSE), Rindfleisch 7%, WEIZENMEHL, Tomatenmark 2%, Gewürzextrakte, pflanzliche Öle (Raps, Olive), Speisesalz jodiert (Speisesalz, Kaliumjodid), natürliches Aroma, Gemüsefond (Wasser, Karotten, SELLERIE, Zwiebeln, Petersilwurzel, Lauch, Knoblauch, Gewürze), Maisstärke, Zucker, Gewürze, Knoblauch, Weingeistessig, Karamellzuckersirup), Teigwaren gekocht 44%* (Wasser, HARTWEIZENGRIEß, EI, Gewürzextrakte, Speisesalz jodiert (Speisesalz, Kaliumjodid)). *%-Angaben beziehen sich auf die Gesamteinwaage. In Großbuchstaben angegebene Zutaten enthalten allergene Inhaltsstoffe."]},{"key":"Allergene:","value":["Enthält:Eier und daraus gewonnene Erzeugnisse, Glutenhaltiges Getreide und daraus hergestellte Erzeugnisse, Milch und daraus gewonnene Erzeugnisse (inkl. Laktose), Sellerie und daraus gewonnene Erzeugnisse"]},{"key":"","value":["einfach OHNE:ohne Konservierungsstoffeohne Geschmacksverstärker"]},{"key":"Zubereitung:","value":["Zubereitung in der MikrowellePackungsfolie mit einer Gabel mehrfach einstechen. Die geschlossene Schale ca. 4-5 Minuten bei 600 Watt erhitzen. Kurz ruhen lassen, die Folie abziehen, anrichten und genießen.","Unter Rühren kurz anbratenDie Makkaroni mit der Sauce in eine heiße Pfanne geben, 2 Esslöffel Wasser hinzufügen und bei mittlerer Hitze unter häufigem Umrühren ca. 2-3 Minuten erhitzen."]},{"key":"Identitätskennzeichen:","value":["AT 30733 EG"]},{"key":"Ursprungsland/Herkunftsort:","value":["hergestellt in Österreich"]},{"key":"Kontakt:","value":["SPAR Österr. Warenhandels-AG","Europastraße 3, 5015 Salzburg, Österreich","office@spar.at"]}],"nutritions":[{"key":"","value":"Unzubereitet"},{"key":" ","value":"100 g"},{"key":"Energie","value":"593 kJ | 141 kcal"},{"key":"Fett","value":"5,6 g"},{"key":"Fett, davon gesättigte Fettsäuren","value":"2,3 g"},{"key":"Kohlenhydrate","value":"15 g"},{"key":"Kohlenhydrate, davon Zucker","value":"1 g"},{"key":"Ballaststoffe","value":"1,2 g"},{"key":"Eiweiß","value":"7,1 g"},{"key":"Salz","value":"1,3 g"},{"key":"Broteinheiten","value":"1,3 BE"},{"key":"","value":"Unzubereitet"},{"key":" ","value":"Portion (400 g)"},{"key":"Energie","value":"2372 kJ | 564 kcal"},{"key":"Fett","value":"22 g"},{"key":"Fett, davon gesättigte Fettsäuren","value":"9,2 g"},{"key":"Kohlenhydrate","value":"60 g"},{"key":"Kohlenhydrate, davon Zucker","value":"4 g"},{"key":"Ballaststoffe","value":"4,8 g"},{"key":"Eiweiß","value":"28 g"},{"key":"Salz","value":"5,2 g"},{"key":"Broteinheiten","value":"5,2 BE"}],"tags":[]},
    {"url":"https://www.interspar.at/shop/lebensmittel/p/4000563","data":[{"key":"price","value":"1,69 €"},{"key":"oldPrice","value":"\n\t\t\t\t\t\n\t\t\t\t\t \n\t\t\t\t"},{"key":"pricePerUnit","value":"(10.56 €/kg)"},{"key":"productDetailsName","value":"Meggle - Baguette Knoblauchbutter - 160 G"},{"key":"detailsDescription","value":"160 G"},{"key":"articleNumber","value":"Artikelnummer: 4000563"},{"key":"Lagerhinweis:","value":["Gekühlt bei max. +10°C lagern."]},{"key":"Zutaten:","value":["Zutaten: WEIZENMEHL, Wasser, BUTTER 15%, Zwiebeln, Knoblauch, Petersilie, Gewürze, BUTTERMILCH, ROGGENMEHL, HARTWEIZENGRIESS, WEIZENGLUTEN, Salz, Stärke, Hefe, Säuerungsmittel: Citronensäure; Knoblauchextrakt, natürliches Aroma. In Großbuchstaben angegebene Zutaten enthalten allergene Inhaltsstoffe."]},{"key":"Allergene:","value":["Enthält:Glutenhaltiges Getreide und daraus hergestellte Erzeugnisse, Milch und daraus gewonnene Erzeugnisse (inkl. Laktose)"]},{"key":"Zubereitung:","value":["BackenDas Baguette aus der Verpackung nehmen, einfach im vorgeheizten Backofen auf der mittleren Schiene bei Ober-/Unterhitze (200°C) fertigbacken: 9-11 Minuten je nach gewünschter Bräune."]},{"key":"Kontakt:","value":["Meggle","Megglestraße 6–12, 83512 Wasserburg, Deutschland"]}],"nutritions":[{"key":"","value":"Unzubereitet"},{"key":" ","value":"100 g"},{"key":"Energie","value":"1267 kJ | 302 kcal"},{"key":"Fett","value":"13 g"},{"key":"Fett, davon gesättigte Fettsäuren","value":"8,2 g"},{"key":"Kohlenhydrate","value":"38 g"},{"key":"Kohlenhydrate, davon Zucker","value":"2,3 g"},{"key":"Ballaststoffe","value":"2,6 g"},{"key":"Eiweiß","value":"7 g"},{"key":"Salz","value":"1,4 g"}],"tags":[]},
    {"url":"https://www.interspar.at/shop/lebensmittel/p/5175536","data":[{"key":"price","value":"2,69 €"},{"key":"oldPrice","value":"\n\t\t\t\t\t\n\t\t\t\t\t \n\t\t\t\t"},{"key":"pricePerUnit","value":"(8.41 €/kg)"},{"key":"productDetailsName","value":"Santa Maria Tex Mex - Original Soft Tortilla 8 Stück - 320 G"},{"key":"detailsDescription","value":"320 G"},{"key":"articleNumber","value":"Artikelnummer: 5175536"},{"key":"Lagerhinweis:","value":["Vor Wärme geschützt und trocken lagern. Geöffnet in der verschlossenen Packung bis zu 3 Tage im Kühlschrank haltbar. Lässt sich einfrieren, wenn es nicht vorher erwärmt wurde."]},{"key":"Zutaten:","value":["Zutaten: WEIZENMEHL (64%), Wasser, Rapsöl, Feuchthaltemittel (E422), Salz, Emulgator (E471), WEIZENGLUTEN, Backpulver (Natriumbikarbonat), Säure (Citronensäure), Verdickungsmittel (E415). In Großbuchstaben angegebene Zutaten enthalten allergene Inhaltsstoffe."]},{"key":"Allergene:","value":["Enthält:Glutenhaltiges Getreide und daraus hergestellte Erzeugnisse"]},{"key":"Verbrauchen nach dem Öffnen:","value":["3 Tage"]},{"key":"Kontakt:","value":["Maresi Austria GmbH","Meytensgasse 27, Postfach 111, 1131 Wien, Österreich"]}],"nutritions":[{"key":"","value":"Unzubereitet"},{"key":" ","value":"100 g"},{"key":"Energie","value":"1250 kJ | 300 kcal"},{"key":"Fett","value":"5 g"},{"key":"Fett, davon gesättigte Fettsäuren","value":"1 g"},{"key":"Kohlenhydrate","value":"53 g"},{"key":"Kohlenhydrate, davon Zucker","value":"1,5 g"},{"key":"Eiweiß","value":"8,5 g"},{"key":"Salz","value":"1,6 g"}],"tags":[]},
    {"url":"https://www.interspar.at/shop/lebensmittel/p/7446047","data":[{"key":"price","value":"2,99 €"},{"key":"oldPrice","value":"\n\t\t\t\t\t\n\t\t\t\t\t \n\t\t\t\t"},{"key":"pricePerUnit","value":"(8.06 €/kg)"},{"key":"productDetailsName","value":"Santa Maria Tex Mex - Original Wrap Tortilla 6 Stück - 371 G"},{"key":"detailsDescription","value":"371 G"},{"key":"articleNumber","value":"Artikelnummer: 7446047"},{"key":"Lagerhinweis:","value":["Vor Wärme geschützt und trocken lagern. Geöffnet in der verschlossenen Packung bis zu 3 Tage im Kühlschrank haltbar. Lässt sich einfrieren, wenn es nicht vorher erwärmt wurde."]},{"key":"Zutaten:","value":["Zutaten: WEIZENMEHL (64%), Wasser, Rapsöl, Feuchthaltemittel (E422), Salz, Emulgator (E471), WEIZENGLUTEN,  Backtriebmittel (Natriumbikarbonat), Säure (Citronensäure), Verdickungsmittel (E415). In Großbuchstaben angegebene Zutaten enthalten allergene Inhaltsstoffe."]},{"key":"Allergene:","value":["Enthält:Glutenhaltiges Getreide und daraus hergestellte Erzeugnisse"]},{"key":"Verbrauchen nach dem Öffnen:","value":["3 Tage"]},{"key":"Kontakt:","value":["Maresi Austria GmbH","Meytensgasse 27, Postfach 111, 1131 Wien, Österreich"]}],"nutritions":[{"key":"","value":"Unzubereitet"},{"key":" ","value":"100 g"},{"key":"Energie","value":"1250 kJ | 300 kcal"},{"key":"Fett","value":"5 g"},{"key":"Fett, davon gesättigte Fettsäuren","value":"1 g"},{"key":"Kohlenhydrate","value":"53 g"},{"key":"Kohlenhydrate, davon Zucker","value":"1,5 g"},{"key":"Eiweiß","value":"8,5 g"},{"key":"Salz","value":"1,6 g"}],"tags":[]},
    {"url":"https://www.interspar.at/shop/lebensmittel/p/7866289","data":[{"key":"price","value":"1,69 €"},{"key":"oldPrice","value":"\n\t\t\t\t\t\n\t\t\t\t\t \n\t\t\t\t"},{"key":"pricePerUnit","value":"(10.56 €/kg)"},{"key":"productDetailsName","value":"Meggle - Rustikal Baguette Kräuterbutter - 160 G"},{"key":"detailsDescription","value":"160 G"},{"key":"articleNumber","value":"Artikelnummer: 7866289"},{"key":"Lagerhinweis:","value":["Gekühlt bei max. +10°C lagern."]},{"key":"Zutaten:","value":["Zutaten: WEIZENMEHL, Wasser, KRÄUTERBUTTER 20%, (BUTTER 75%, Zwiebeln, Kräuter, Petersilie, Knoblauch, Gewürze, Salz, Stärke, Zitronensaft*, Knoblauchextrakt), HARTWEIZENGRIESS, WEIZENSCHROT, WEIZENKLEIE, SOJASCHROT, ROGGENMALZMEHL, LEINSAMEN, ROGGENMEHL, GERSTENMALZMEHL, Gewürze, Salz, Hefe, natürliches Aroma. *aus Konzentrat. In Großbuchstaben angegebene Zutaten enthalten allergene Inhaltsstoffe."]},{"key":"Allergene:","value":["Enthält:Glutenhaltiges Getreide und daraus hergestellte Erzeugnisse, Milch und daraus gewonnene Erzeugnisse (inkl. Laktose), Sojabohnen und daraus gewonnene Erzeugnisse"]},{"key":"Zubereitung:","value":["BackenDas Baguette aus der Verpackung nehmen, einfach im vorgeheizten Backofen auf der mittleren Schiene bei Ober-/Unterhitze (200°C) fertigbacken: 8-10 Minuten je nach gewünschter Bräune."]},{"key":"Kontakt:","value":["Molkerei MEGGLE Wasserburg GmbH & Co . KG","Megglestraße 6–12, 83512 Wasserburg, Deutschland"]}],"nutritions":[{"key":"","value":"Unzubereitet"},{"key":" ","value":"100 g"},{"key":"Energie","value":"1286 kJ | 307 kcal"},{"key":"Fett","value":"14 g"},{"key":"Fett, davon gesättigte Fettsäuren","value":"8,3 g"},{"key":"Kohlenhydrate","value":"36 g"},{"key":"Kohlenhydrate, davon Zucker","value":"2,8 g"},{"key":"Ballaststoffe","value":"4,4 g"},{"key":"Eiweiß","value":"7,1 g"},{"key":"Salz","value":"1,4 g"}],"tags":[]},
    {"url":"https://www.interspar.at/shop/lebensmittel/p/558600","data":[{"key":"price","value":"0,79 €"},{"key":"oldPrice","value":"\n\t\t\t\t\t\n\t\t\t\t\t \n\t\t\t\t"},{"key":"pricePerUnit","value":"(7.18 €/kg)"},{"key":"productDetailsName","value":"Feinkost Spak - Ei-Schüsserl - 110 G"},{"key":"detailsDescription","value":"110 G"},{"key":"articleNumber","value":"Artikelnummer: 558600"},{"key":"Lagerhinweis:","value":["Gekühlt lagern bei +2°C bis +6°C. Nach dem Öffnen am selben Tag verbrauchen."]},{"key":"Zutaten:","value":["Zutaten: Mayonnaise 40% Fett [Trinkwasser, Rapsöl, Zucker, 3,5% EIGELB, modifizierte Stärke, Speisesalz, Weingeistessig, SENFKORN, Verdickungsmittel: Xanthan, Guarkernmehl, Johannisbrotkernmehl; Konservierungsstoff: Kaliumsorbat], Gelee (Trinkwasser, Speisegelatine, Speisesalz, Konservierungsstoff: Kaliumsorbat, Natriumbenzoat; Süßungsmittel: Saccharin; Antioxidationsmittel: Ascorbinsäure), 22% EI gekocht, Gurken (Gurken, Weingeistessig, Speisesalz, Gewürzextrakt, Süßungsmittel: Saccharin, Konservierungsstoff: Natriumbenzoat), Karotten. In Großbuchstaben angegebene Zutaten enthalten allergene Inhaltsstoffe."]},{"key":"Allergene:","value":["Enthält:Eier und daraus gewonnene Erzeugnisse, Senf und daraus gewonnene Erzeugnisse"]},{"key":"Kontakt:","value":["SP Feinkost Vertriebs GmbH","Laxenburgerstraße 365, 1230 Wien, Österreich"]}],"nutritions":[{"key":"","value":"Unzubereitet"},{"key":" ","value":"100 g"},{"key":"Energie","value":"767 kJ | 186 kcal"},{"key":"Fett","value":"17 g"},{"key":"Fett, davon gesättigte Fettsäuren","value":"2 g"},{"key":"Kohlenhydrate","value":"4 g"},{"key":"Kohlenhydrate, davon Zucker","value":"2,5 g"},{"key":"Eiweiß","value":"3,8 g"},{"key":"Salz","value":"1,8 g"}],"tags":["Glutenfrei","Lactosefrei"]},
    {"url":"https://www.interspar.at/shop/lebensmittel/p/2020000781899","data":[{"key":"price","value":"2,19 €"},{"key":"oldPrice","value":"\n\t\t\t\t\t\n\t\t\t\t\t \n\t\t\t\t"},{"key":"pricePerUnit","value":"(2.19 €/l)"},{"key":"productDetailsName","value":"Joya Oats - Frischer Hafer-Drink - 1 L"},{"key":"detailsDescription","value":"1 L"},{"key":"articleNumber","value":"Artikelnummer: 2020000781899"},{"key":"Lagerhinweis:","value":["Gekühlt (2-8°C) aufbewahren. Nach dem Öffnen im Kühlschrank 4 Tage haltbar. Vor Genuss schütteln!"]},{"key":"Zutaten:","value":["Zutaten: Haferbasis 99,1% (Wasser, HAFER 7,2%), Sonnenblumenöl, Tricalciumphospat, Stabilisator: Gellan, Säureregulator: Dikaliumphosphat, Vitamin D2, Vitamin B12, Salz. In Großbuchstaben angegebene Zutaten enthalten allergene Inhaltstoffe."]},{"key":"Allergene:","value":["Enthält:Glutenhaltiges Getreide und daraus hergestellte Erzeugnisse"]},{"key":"","value":["*ohne Zuckerzusatz - enthält von Natur aus Zucker!"]},{"key":"","value":["Laktosefrei","Frei von Milchproteinen"]},{"key":"Verbrauchen nach dem Öffnen:","value":["4 Tage"]},{"key":"Kontakt:","value":["Mona Naturprodukte GmbH","Lehargasse 11, 1060 Wien, Österreich","+4318972300520","+4318972300","info@joya-soja.at"]}],"nutritions":[{"key":"","value":"Unzubereitet"},{"key":" ","value":"100 ml"},{"key":"Energie","value":"117 kJ | 28 kcal"},{"key":"Fett","value":"0,7 g"},{"key":"Fett, davon gesättigte Fettsäuren","value":"0,1 g"},{"key":"Kohlenhydrate","value":"4,8 g"},{"key":"Kohlenhydrate, davon Zucker","value":"2,8 g"},{"key":"Ballaststoffe","value":"0,3 g"},{"key":"Eiweiß","value":"0,4 g"},{"key":"Salz","value":"0,1 g"},{"key":"Vitamin D","value":"0,75 µg"},{"key":"Vitamin B 12, Cyanocobalamin","value":"0,38 µg"},{"key":"Kalzium","value":"120 mg | 15 %"}],"tags":["Vegan","Lactosefrei"]},
    {"url":"https://www.interspar.at/shop/lebensmittel/p/2020001222780","data":[{"key":"price","value":"2,99 €"},{"key":"oldPrice","value":"\n\t\t\t\t\t\n\t\t\t\t\t \n\t\t\t\t"},{"key":"pricePerUnit","value":"(2.99 €/l)"},{"key":"productDetailsName","value":"Joya - frischer Kokos-Drink - 1 L"},{"key":"detailsDescription","value":"1 L"},{"key":"articleNumber","value":"Artikelnummer: 2020001222780"},{"key":"Lagerhinweis:","value":["Gekühlt bei 2-8°C aufbewahren. Nach dem Öffnen im Kühlschrank 4 Tage haltbar. Vor Genuss schütteln!"]},{"key":"Zutaten:","value":["Zutaten: Wasser, Reis 11,5%, Kokosmilch 10% (Kokoscreme, Wasser), Tricalciumphosphat, Maltodextrin, Säureregulator: Dikaliumphosphat; Emulgator: Lecithine; Verdickungsmittel: Gellan; Salz, Vitamin D2, Vitamin B12."]},{"key":"","value":["ohne Zuckerzusatz - enthält von Natur aus Zucker"]},{"key":"Zusatztext:","value":["Reis aus Italien, gentechnikfrei, ohne Aromazusatz"]},{"key":"Verbrauchen nach dem Öffnen:","value":["4 Tage","4 Tage"]},{"key":"Kontakt:","value":["Mona Naturprodukte GmbH","Lehargasse 11, 1060 Wien, Österreich","+4318972300","+4318972300520","info@joya-soja.at"]}],"nutritions":[{"key":"","value":"Unzubereitet"},{"key":" ","value":"100 ml"},{"key":"Energie","value":"269 kJ | 64 kcal"},{"key":"Fett","value":"1,8 g"},{"key":"Fett, davon gesättigte Fettsäuren","value":"1,6 g"},{"key":"Kohlenhydrate","value":"11,4 g"},{"key":"Kohlenhydrate, davon Zucker","value":"5,9 g"},{"key":"Ballaststoffe","value":"0,4 g"},{"key":"Eiweiß","value":"0,3 g"},{"key":"Salz","value":"0,09 g"},{"key":"Vitamin D","value":"0,75 µg | 15 %"},{"key":"Vitamin B 12, Cyanocobalamin","value":"0,38 µg | 15 %"},{"key":"Kalzium","value":"120 mg | 15 %"}],"tags":["Vegan"]},
    {"url":"https://www.interspar.at/shop/lebensmittel/p/2020001491728","data":[{"key":"price","value":"1,29 €"},{"key":"oldPrice","value":"\n\t\t\t\t\t\n\t\t\t\t\t \n\t\t\t\t"},{"key":"pricePerUnit","value":"(6.45 €/kg)"},{"key":"productDetailsName","value":"Joya - Natur aus Kokosmilch - 200 G"},{"key":"detailsDescription","value":"200 G"},{"key":"articleNumber","value":"Artikelnummer: 2020001491728"},{"key":"Lagerhinweis:","value":["Gekühlt (2-6 °C) lagern."]},{"key":"Zutaten:","value":["Zutaten: Wasser, Kokosmilch 23% (Kokoscreme, Wasser), Inulin, entöltes MANDELMEHL 3,0%, Stärke, Stabilisatoren: Pektin, Calciumcarbonat; modifizierte Stärke, natürliches Aroma, Joghurtkulturen. In Großbuchstaben angegebene Zutaten enthalten allergene Inhaltstoffe."]},{"key":"Allergene:","value":["Enthält:Schalenfrüchte und daraus gewonnene Erzeugnisse"]},{"key":"Kontakt:","value":["Mona Naturprodukte GmbH","Lehargasse 11, 1060 Wien, Österreich"]}],"nutritions":[{"key":"","value":"Unzubereitet"},{"key":" ","value":"100 g"},{"key":"Energie","value":"260 kJ | 63 kcal"},{"key":"Fett","value":"3,9 g"},{"key":"Fett, davon gesättigte Fettsäuren","value":"3,3 g"},{"key":"Kohlenhydrate","value":"3,5 g"},{"key":"Kohlenhydrate, davon Zucker","value":"0 g"},{"key":"Ballaststoffe","value":"3,4 g"},{"key":"Eiweiß","value":"1,7 g"},{"key":"Salz","value":"0,02 g"}],"tags":["Vegan","Lactosefrei","immer Billig"]},
    {"url":"https://www.interspar.at/shop/lebensmittel/p/2020001493142","data":[{"key":"price","value":"1,29 €"},{"key":"oldPrice","value":"\n\t\t\t\t\t\n\t\t\t\t\t \n\t\t\t\t"},{"key":"pricePerUnit","value":"(6.45 €/kg)"},{"key":"productDetailsName","value":"Joya - Mango-Maracuja aus Kokosmilch - 200 G"},{"key":"detailsDescription","value":"200 G"},{"key":"articleNumber","value":"Artikelnummer: 2020001493142"},{"key":"Lagerhinweis:","value":["Gekühlt (2-6 °C) lagern."]},{"key":"Zutaten:","value":["Zutaten: Wasser, Kokosmilch 19% (Kokoscreme, Wasser), Mangopüree 7,0%, Zucker, Inulin, entöltes MANDELMEHL 2%, Maracujasaft 2% (davon 1% aus Maracujasaftkonzentrat), Stärke, Stabilisatoren: Pektin, Calciumcarbonat; modifizierte Stärke, Zitronensaftkonzentrat, Salz, natürliche Aromen, Joghurtkulturen. In Großbuchstaben angegebene Zutaten enthalten allergene Inhaltstoffe."]},{"key":"Allergene:","value":["Enthält:Schalenfrüchte und daraus gewonnene Erzeugnisse"]},{"key":"","value":["Glutenfrei"]},{"key":"Kontakt:","value":["Mona Naturprodukte GmbH","Lehargasse 11, 1060 Wien, Österreich"]}],"nutritions":[{"key":"","value":"Unzubereitet"},{"key":" ","value":"100 g"},{"key":"Energie","value":"81 kJ | 337 kcal"},{"key":"Fett","value":"3,2 g"},{"key":"Fett, davon gesättigte Fettsäuren","value":"2,7 g"},{"key":"Kohlenhydrate","value":"9,9 g"},{"key":"Kohlenhydrate, davon Zucker","value":"7,1 g"},{"key":"Ballaststoffe","value":"3,1 g"},{"key":"Eiweiß","value":"1,5 g"},{"key":"Salz","value":"0,04 g"}],"tags":["Lactosefrei","immer Billig"]},
    {"url":"https://www.interspar.at/shop/lebensmittel/p/2020001736768","data":[{"key":"price","value":"1,29 €"},{"key":"oldPrice","value":"\n\t\t\t\t\t\n\t\t\t\t\t \n\t\t\t\t"},{"key":"pricePerUnit","value":"(6.45 €/kg)"},{"key":"productDetailsName","value":"Joya - Kokosmilch Joghurt Erdbeere - 200 G"},{"key":"detailsDescription","value":"200 G"},{"key":"articleNumber","value":"Artikelnummer: 2020001736768"},{"key":"Lagerhinweis:","value":["Gekühlt (2-6 °C) lagern."]},{"key":"Zutaten:","value":["Zutaten: Wasser, Kokosmilch 18% (Kokoscreme, Wasser), Erdbeeren 13% (davon 3% aus Erdbeerpüreekonzentrat), Zucker, Inulin, entöltes MANDELMEHL 2%, Stärke, Stabilisatoren: Pektin, Calciumcarbonat; modifizierte Stärke, Aroniasaftkonzentrat, Zitronensaftkonzentrat, Salz, natürliches Aroma, Joghurtkulturen. In Großbuchstaben angegebene Zutaten enthalten allergene Inhaltstoffe."]},{"key":"Allergene:","value":["Enthält:Schalenfrüchte und daraus gewonnene Erzeugnisse"]},{"key":"","value":["Glutenfrei"]},{"key":"Kontakt:","value":["Mona Naturprodukte GmbH","Lehargasse 11, 1060 Wien, Österreich","info@joya-soja.at","+4318972300","+4318972300-520"]}],"nutritions":[{"key":"","value":"Unzubereitet"},{"key":" ","value":"100 g"},{"key":"Energie","value":"366 kJ | 87 kcal"},{"key":"Fett","value":"3 g"},{"key":"Fett, davon gesättigte Fettsäuren","value":"2,6 g"},{"key":"Kohlenhydrate","value":"12,1 g"},{"key":"Kohlenhydrate, davon Zucker","value":"9,2 g"},{"key":"Ballaststoffe","value":"3 g"},{"key":"Eiweiß","value":"1,5 g"},{"key":"Salz","value":"0,04 g"}],"tags":["Vegan","Glutenfrei","Lactosefrei","immer Billig"]},
    {"url":"https://www.interspar.at/shop/lebensmittel/p/2020001741335","data":[{"key":"price","value":"1,99 €"},{"key":"oldPrice","value":"\n\t\t\t\t\t\n\t\t\t\t\t \n\t\t\t\t"},{"key":"pricePerUnit","value":"(16.58 €/kg)"},{"key":"productDetailsName","value":"Coconut COLLABORATIVE - Joghurtalternative Natur - 120 G"},{"key":"detailsDescription","value":"120 G"},{"key":"articleNumber","value":"Artikelnummer: 2020001741335"},{"key":"Lagerhinweis:","value":["Bei +2 bis +7 C° aufbewahren."]},{"key":"Zutaten:","value":["Zutaten: Kokosnussmilch 50%, Kokosnusswasser 45%, Maisstärke, Kartoffelstärke, Verdickungsmittel: Pektin (aus Früchten), Kulturen*:  S. Thermophilus, L. Bulgaricus, L. Acidophilus, Bifidobacterium. *nicht aus Milch. In Großbuchstaben angegebene Zutaten enthalten allergene Inhaltstoffe."]},{"key":"Zusatztext:","value":["auf Kokosnussbasis"]},{"key":"Kontakt:","value":["Uplegger Food Company GmbH","Hans-Böckler-Straße 17, 30851 Langenhagen, Deutschland"]}],"nutritions":[{"key":"","value":"Unzubereitet"},{"key":" ","value":"100 g"},{"key":"Energie","value":"519 kJ | 125 kcal"},{"key":"Fett","value":"10 g"},{"key":"Fett, davon gesättigte Fettsäuren","value":"10 g"},{"key":"Kohlenhydrate","value":"5,9 g"},{"key":"Kohlenhydrate, davon Zucker","value":"1,7 g"},{"key":"Eiweiß","value":"1,1 g"},{"key":"Salz","value":"0,04 g"}],"tags":["Vegan","Glutenfrei","Lactosefrei"]},
    {"url":"https://www.interspar.at/shop/lebensmittel/p/2020001742912","data":[{"key":"price","value":"2,69 €"},{"key":"oldPrice","value":"\n\t\t\t\t\t\n\t\t\t\t\t \n\t\t\t\t"},{"key":"pricePerUnit","value":"(14.94 €/kg)"},{"key":"productDetailsName","value":"Coconut COLLABORATIVE - Dessert auf Kokosnussbasis Chocolate 4 x 45g - 180 G"},{"key":"detailsDescription","value":"180 G"},{"key":"articleNumber","value":"Artikelnummer: 2020001742912"},{"key":"Lagerhinweis:","value":["Bei +2 bis +7°C lagern."]},{"key":"Zutaten:","value":["Zutaten: Kokosnusscreme 35%, Wasser, dunkle Schokolade 18% (Kakaomasse 49%, Zucker, Emulgator: SOJAlecithine; natürliches Vanillearoma), Zucker, Tapiokastärke, Stabilisatoren: Mono- und Diglyceride von Speisefettsäuren; Verdickungsmittel: Carrageen, Guarkernmehl; fettarmes Kakaopulver, Salz. In Großbuchstaben angegebene Zutaten enthalten allergene Inhaltstoffe."]},{"key":"Allergene:","value":["Enthält Soja","Enthält:Sojabohnen und daraus gewonnene Erzeugnisse"]},{"key":"Kontakt:","value":["Uplegger Food Company GmbH","Hans-Böckler-Straße 17, 30851 Langenhagen, Deutschland"]}],"nutritions":[{"key":"","value":"Unzubereitet"},{"key":" ","value":"100 g"},{"key":"Energie","value":"977 kJ | 234 kcal"},{"key":"Fett","value":"14,4 g"},{"key":"Fett, davon gesättigte Fettsäuren","value":"11,2 g"},{"key":"Kohlenhydrate","value":"23 g"},{"key":"Kohlenhydrate, davon Zucker","value":"22 g"},{"key":"Eiweiß","value":"2,2 g"},{"key":"Salz","value":"0,1 g"}],"tags":["Vegan","Glutenfrei","Lactosefrei"]},
    {"url":"https://www.interspar.at/shop/lebensmittel/p/2020001807550","data":[{"key":"price","value":"2,39 €"},{"key":"oldPrice","value":"\n\t\t\t\t\t\n\t\t\t\t\t \n\t\t\t\t"},{"key":"pricePerUnit","value":"(4.78 €/kg)"},{"key":"productDetailsName","value":"MADE WITH LUVE - Lupinen Joghurt-Alternative Natur - 500 G"},{"key":"detailsDescription","value":"500 G"},{"key":"articleNumber","value":"Artikelnummer: 2020001807550"},{"key":"Lagerhinweis:","value":["Gekühlt (+6 °C) lagern."]},{"key":"Zutaten:","value":["Zutaten: Wasser, Kokosfett, Maltodextrin, Invertzuckersirup, modifizierte Stärke, LUPINEN EIWEISS (1,8%), Zucker, Aroma, Stabilisator: Pektin. In Großbuchstaben angegebene Zutaten enthalten allergene Inhaltstoffe."]},{"key":"Allergene:","value":["Enthält:Lupinen und daraus gewonnene Erzeugnisse"]},{"key":"Kontakt:","value":["Prolupin GmbH","Tribseeser Chaussee 1, 18507 Grimmen, Deutschland"]}],"nutritions":[{"key":"","value":"Unzubereitet"},{"key":" ","value":"100 g"},{"key":"Energie","value":"431,3 kJ | 103,5 kcal"},{"key":"Fett","value":"6,1 g"},{"key":"Fett, davon gesättigte Fettsäuren","value":"5,5 g"},{"key":"Kohlenhydrate","value":"10,6 g"},{"key":"Kohlenhydrate, davon Zucker","value":"0,7 g"},{"key":"Ballaststoffe","value":"0,1 g"},{"key":"Eiweiß","value":"1,6 g"},{"key":"Salz","value":"0,04 g"}],"tags":["Vegan","Glutenfrei","Lactosefrei"]},
    {"url":"https://www.interspar.at/shop/lebensmittel/p/2020001807802","data":[{"key":"price","value":"2,39 €"},{"key":"oldPrice","value":"\n\t\t\t\t\t\n\t\t\t\t\t \n\t\t\t\t"},{"key":"pricePerUnit","value":"(4.78 €/kg)"},{"key":"productDetailsName","value":"MADE WITH LUVE - Lupinen Joghurt-Alternative Mango - 500 G"},{"key":"detailsDescription","value":"500 G"},{"key":"articleNumber","value":"Artikelnummer: 2020001807802"},{"key":"Lagerhinweis:","value":["Gekühlt (+6 °C) lagern."]},{"key":"Zutaten:","value":["Zutaten: Wasser, Mangopüree (9,8%), Zucker, Kokosfett, Maltodextrin, modifizierte Stärke, Invertzuckersirup, LUPINEN EIWEISS (1,5%), Aroma, Verdickungsmittel: Pektin, Zitronensaftkonzentrat. In Großbuchstaben angegebene Zutaten enthalten allergene Inhaltstoffe."]},{"key":"Allergene:","value":["Enthält:Lupinen und daraus gewonnene Erzeugnisse"]},{"key":"Kontakt:","value":["Prolupin GmbH","Tribseeser Chaussee 1, 18507 Grimmen, Deutschland"]}],"nutritions":[{"key":"","value":"Unzubereitet"},{"key":" ","value":"100 g"},{"key":"Energie","value":"162 kJ | 110 kcal"},{"key":"Fett","value":"4,8 g"},{"key":"Fett, davon gesättigte Fettsäuren","value":"4 g"},{"key":"Kohlenhydrate","value":"15 g"},{"key":"Kohlenhydrate, davon Zucker","value":"8,3 g"},{"key":"Ballaststoffe","value":"0,3 g"},{"key":"Eiweiß","value":"1,6 g"},{"key":"Salz","value":"0,1 g"}],"tags":["Vegan","Glutenfrei","Lactosefrei"]},
    {"url":"https://www.interspar.at/shop/lebensmittel/p/2020001807888","data":[{"key":"price","value":"2,39 €"},{"key":"oldPrice","value":"\n\t\t\t\t\t\n\t\t\t\t\t \n\t\t\t\t"},{"key":"pricePerUnit","value":"(4.78 €/kg)"},{"key":"productDetailsName","value":"MADE WITH LUVE - Lupinen Joghurt-Alternative Heidelbeer-Cassis - 500 G"},{"key":"detailsDescription","value":"500 G"},{"key":"articleNumber","value":"Artikelnummer: 2020001807888"},{"key":"Lagerhinweis:","value":["Gekühlt (+6 °C) lagern."]},{"key":"Zutaten:","value":["Zutaten: Wasser, Zucker, Kokosfett, Maltodextrin, Heidelbeeren (3,6%), Schwarze Johannisbeeren (2,7%), modifizierte Stärke, Invertzuckersirup, LUPINEN EIWEISS (1,5%), Aroma, Verdickungsmittel: Pektin, Zitronensaftkonzentrat. In Großbuchstaben angegebene Zutaten enthalten allergene Inhaltstoffe."]},{"key":"Allergene:","value":["Enthält:Lupinen und daraus gewonnene Erzeugnisse"]},{"key":"Kontakt:","value":["Prolupin GmbH","Tribseeser Chaussee 1, 18507 Grimmen, Deutschland"]}],"nutritions":[{"key":"","value":"Unzubereitet"},{"key":" ","value":"100 g"},{"key":"Energie","value":"503 kJ | 120 kcal"},{"key":"Fett","value":"4,9 g"},{"key":"Fett, davon gesättigte Fettsäuren","value":"4,3 g"},{"key":"Kohlenhydrate","value":"17,5 g"},{"key":"Kohlenhydrate, davon Zucker","value":"10,3 g"},{"key":"Ballaststoffe","value":"0,4 g"},{"key":"Eiweiß","value":"1,4 g"},{"key":"Salz","value":"0,03 g"}],"tags":["Vegan","Glutenfrei","Lactosefrei"]},
    {"url":"https://www.interspar.at/shop/lebensmittel/p/2020001807987","data":[{"key":"price","value":"2,39 €"},{"key":"oldPrice","value":"\n\t\t\t\t\t\n\t\t\t\t\t \n\t\t\t\t"},{"key":"pricePerUnit","value":"(4.78 €/kg)"},{"key":"productDetailsName","value":"MADE WITH LUVE - Lupinen Joghurt-Alternative Stracciatella - 500 G"},{"key":"detailsDescription","value":"500 G"},{"key":"articleNumber","value":"Artikelnummer: 2020001807987"},{"key":"Lagerhinweis:","value":["Gekühlt (+6 °C) lagern."]},{"key":"Zutaten:","value":["Zutaten: Wasser, Zucker, Kokosfett, Maltodextrin, Schokoladenstückchen (2,5 %) (Kakaomasse, Kakaobutter, Zucker), modifizierte Stärke, Invertzuckersirup, LUPINEN EIWEISS (1,4 %), Verdickungsmittel: Pektin, Zitronensaftkonzentrat, Aroma. In Großbuchstaben angegebene Zutaten enthalten allergene Inhaltstoffe."]},{"key":"Allergene:","value":["Enthält:Lupinen und daraus gewonnene Erzeugnisse"]},{"key":"Kontakt:","value":["Prolupin GmbH","Tribseeser Chaussee 1, 18507 Grimmen, Deutschland"]}],"nutritions":[{"key":"","value":"Unzubereitet"},{"key":" ","value":"100 g"},{"key":"Energie","value":"566 kJ | 135 kcal"},{"key":"Fett","value":"5,8 g"},{"key":"Fett, davon gesättigte Fettsäuren","value":"4,8 g"},{"key":"Kohlenhydrate","value":"19,1 g"},{"key":"Kohlenhydrate, davon Zucker","value":"12,5 g"},{"key":"Ballaststoffe","value":"0,5 g"},{"key":"Eiweiß","value":"1,5 g"},{"key":"Salz","value":"0,05 g"}],"tags":["Vegan","Glutenfrei","Lactosefrei"]},
    {"url":"https://www.interspar.at/shop/lebensmittel/p/2020001810468","data":[{"key":"price","value":"1,19 €"},{"key":"oldPrice","value":"\n\t\t\t\t\t\n\t\t\t\t\t \n\t\t\t\t"},{"key":"pricePerUnit","value":"(7.93 €/kg)"},{"key":"productDetailsName","value":"MADE WITH LUVE - Lupinen Dessert Schokolade - 150 G"},{"key":"detailsDescription","value":"150 G"},{"key":"articleNumber","value":"Artikelnummer: 2020001810468"},{"key":"Lagerhinweis:","value":["Gekühlt (+6 °C) lagern."]},{"key":"Zutaten:","value":["Zutaten: Wasser, Zucker, Kokosfett, modifizierte Stärke, LUPINEN EIWEISS (3%), fettarmer Kakao (2%), Verdickungsmittel: (Carrageen, Guarkernmehl), Aroma, Salz. In Großbuchstaben angegebene Zutaten enthalten allergene Inhaltstoffe."]},{"key":"Allergene:","value":["Enthält:Lupinen und daraus gewonnene Erzeugnisse"]},{"key":"Kontakt:","value":["Prolupin GmbH","Tribseeser Chaussee 1, 18507 Grimmen, Deutschland"]}],"nutritions":[{"key":"","value":"Unzubereitet"},{"key":" ","value":"100 g"},{"key":"Energie","value":"490 kJ | 116 kcal"},{"key":"Fett","value":"3,9 g"},{"key":"Fett, davon gesättigte Fettsäuren","value":"3,3 g"},{"key":"Kohlenhydrate","value":"17,1 g"},{"key":"Kohlenhydrate, davon Zucker","value":"12,9 g"},{"key":"Ballaststoffe","value":"0,8 g"},{"key":"Eiweiß","value":"3,2 g"},{"key":"Salz","value":"0,16 g"}],"tags":["Vegan","Glutenfrei","Lactosefrei"]},
    {"url":"https://www.interspar.at/shop/lebensmittel/p/2020001810499","data":[{"key":"price","value":"1,19 €"},{"key":"oldPrice","value":"\n\t\t\t\t\t\n\t\t\t\t\t \n\t\t\t\t"},{"key":"pricePerUnit","value":"(7.93 €/kg)"},{"key":"productDetailsName","value":"MADE WITH LUVE - Lupinen Dessert Vanille - 150 G"},{"key":"detailsDescription","value":"150 G"},{"key":"articleNumber","value":"Artikelnummer: 2020001810499"},{"key":"Lagerhinweis:","value":["Gekühlt (+6 °C) lagern."]},{"key":"Zutaten:","value":["Zutaten: Wasser, Zucker, Kokosfett, modifizierte Stärke, LUPINEN EIWEISS (3%), Verdickungsmittel: (Carrageen, Guarkernmehl), natürliches Aroma, Farbstoff: Beta Carotin, Salz, Vanillesamen. In Großbuchstaben angegebene Zutaten enthalten allergene Inhaltstoffe."]},{"key":"Allergene:","value":["Enthält:Lupinen und daraus gewonnene Erzeugnisse"]},{"key":"Kontakt:","value":["Prolupin GmbH","Tribseeser Chaussee 1, 18507 Grimmen, Deutschland"]}],"nutritions":[{"key":"","value":"Unzubereitet"},{"key":" ","value":"100 g"},{"key":"Energie","value":"397 kJ | 95 kcal"},{"key":"Fett","value":"3,9 g"},{"key":"Fett, davon gesättigte Fettsäuren","value":"3,3 g"},{"key":"Kohlenhydrate","value":"12,1 g"},{"key":"Kohlenhydrate, davon Zucker","value":"8 g"},{"key":"Ballaststoffe","value":"0,2 g"},{"key":"Eiweiß","value":"2,8 g"},{"key":"Salz","value":"0,11 g"}],"tags":["Vegan","Glutenfrei","Lactosefrei"]},
    {"url":"https://www.interspar.at/shop/lebensmittel/p/2020001810611","data":[{"key":"price","value":"1,69 €"},{"key":"oldPrice","value":"\n\t\t\t\t\t\n\t\t\t\t\t \n\t\t\t\t"},{"key":"pricePerUnit","value":"(3.38 €/l)"},{"key":"productDetailsName","value":"MADE WITH LUVE - Lupinen Drink Schokolade - 0,5 L"},{"key":"detailsDescription","value":"0,5 L"},{"key":"articleNumber","value":"Artikelnummer: 2020001810611"},{"key":"Lagerhinweis:","value":["Kühl und trocken lagern."]},{"key":"Zutaten:","value":["Zutaten: Wasser, Maltodextrin, Zucker, Kokosfett, LUPINENEIWEISS (2,3%), fettarmes Kakaopulver (1,9%), Säureregulator: Kaliumphosphate, Stabilisator: Gellan. In Großbuchstaben angegebene Zutaten enthalten allergene Inhaltsstoffe."]},{"key":"Allergene:","value":["Enthält:Lupinen und daraus gewonnene Erzeugnisse"]},{"key":"Kontakt:","value":["Prolupin GmbH","Tribseeser Chaussee 1, 18507 Grimmen, Deutschland"]}],"nutritions":[{"key":"","value":"Unzubereitet"},{"key":"Energie","value":"345 kJ | 83 kcal"},{"key":"Fett","value":"3,7 g"},{"key":"Fett, davon gesättigte Fettsäuren","value":"3,3 g"},{"key":"Kohlenhydrate","value":"10,1 g"},{"key":"Kohlenhydrate, davon Zucker","value":"5,1 g"},{"key":"Ballaststoffe","value":"< 0,1 g"},{"key":"Eiweiß","value":"2,6 g"},{"key":"Salz","value":"0,08 g"}],"tags":["Vegan","Glutenfrei","Lactosefrei"]},
    {"url":"https://www.interspar.at/shop/lebensmittel/p/2020001810666","data":[{"key":"price","value":"1,69 €"},{"key":"oldPrice","value":"\n\t\t\t\t\t\n\t\t\t\t\t \n\t\t\t\t"},{"key":"pricePerUnit","value":"(3.38 €/kg)"},{"key":"productDetailsName","value":"MADE WITH LUVE - Lupinen Drink Vanille - 500 G"},{"key":"detailsDescription","value":"500 G"},{"key":"articleNumber","value":"Artikelnummer: 2020001810666"},{"key":"Lagerhinweis:","value":["Kühl und trocken lagern."]},{"key":"Zutaten:","value":["Zutaten: Wasser, Maltodextrin, Zucker, Kokosfett, LUPINENEIWEISS (2,32%), Säureregulator: Kaliumphosphate, Vanillearoma, Stabilisator: Gellan, Farbstoff: Beta Carotin. In Großbuchstaben angegebene Zutaten enthalten allergene Inhaltsstoffe."]},{"key":"Allergene:","value":["Enthält:Lupinen und daraus gewonnene Erzeugnisse"]},{"key":"Kontakt:","value":["Prolupin GmbH","Tribseeser Chaussee 1, 18507 Grimmen, Deutschland"]}],"nutritions":[{"key":"","value":"Unzubereitet"},{"key":" ","value":"100 ml"},{"key":"Energie","value":"350 kJ | 84 kcal"},{"key":"Fett","value":"3,4 g"},{"key":"Fett, davon gesättigte Fettsäuren","value":"2,9 g"},{"key":"Kohlenhydrate","value":"10,5 g"},{"key":"Kohlenhydrate, davon Zucker","value":"5,4 g"},{"key":"Ballaststoffe","value":"< 0,1 g"},{"key":"Eiweiß","value":"2,3 g"},{"key":"Salz","value":"0,05 g"}],"tags":["Vegan","Glutenfrei","Lactosefrei"]},
    {"url":"https://www.interspar.at/shop/lebensmittel/p/2020002089962","data":[{"key":"price","value":"1,99 €"},{"key":"oldPrice","value":"\n\t\t\t\t\t\n\t\t\t\t\t \n\t\t\t\t"},{"key":"pricePerUnit","value":"(16.58 €/kg)"},{"key":"productDetailsName","value":"Coconut COLLABORATIVE - Joghurtalternative Erdbeere - 120 G"},{"key":"detailsDescription","value":"120 G"},{"key":"articleNumber","value":"Artikelnummer: 2020002089962"},{"key":"Lagerhinweis:","value":["Bei +2 bis +7 C° lagern."]},{"key":"Zutaten:","value":["Zutaten: Kokosnusszubereitung 85% (Kokosnussmilch 73% (Kokosnussfruchtfleisch, Kokosnusswasser), Kokosnusswasser 23%, Maismehl, Kartoffelstärke, Stabilisator: Pektin*; Kulturen: S. thermophilus, L. bulgaricus, L. acidophilus, Bifidobacterium lactis), Erdbeerzubereitung (15%) (Erdbeeren 40%, Fruchtsüße aus Trauben, Wasser, Maismehl, Zitronensaftkonzentrat, natürliches Aroma*, lila Karottenkonzentrat (färbendes Lebensmittel)). *Aus Früchten."]},{"key":"Zubereitung:","value":["Verzehrfertig"]},{"key":"Kontakt:","value":["Uplegger Food Company GmbH","Hans-Böckler-Straße 17, 30851 Langenhagen, Deutschland"]}],"nutritions":[{"key":"","value":"Unzubereitet"},{"key":" ","value":"100 g"},{"key":"Energie","value":"540 kJ | 130 kcal"},{"key":"Fett","value":"9,8 g"},{"key":"Fett, davon gesättigte Fettsäuren","value":"9,2 g"},{"key":"Kohlenhydrate","value":"9,4 g"},{"key":"Kohlenhydrate, davon Zucker","value":"2,5 g"},{"key":"Eiweiß","value":"1,1 g"},{"key":"Salz","value":"0,04 g"}],"tags":["Vegan","Glutenfrei","Lactosefrei"]},
    {"url":"https://www.interspar.at/shop/lebensmittel/p/2020001741427","data":[{"key":"price","value":"1,99 €"},{"key":"oldPrice","value":"\n\t\t\t\t\t\n\t\t\t\t\t \n\t\t\t\t"},{"key":"pricePerUnit","value":"(16.58 €/kg)"},{"key":"productDetailsName","value":"Coconut COLLABORATIVE - Joghurtalternative Mango-Passionsfrucht - 120 G"},{"key":"detailsDescription","value":"120 G"},{"key":"articleNumber","value":"Artikelnummer: 2020001741427"},{"key":"Lagerhinweis:","value":["Bei +2 bis +7 C° lagern."]},{"key":"Zutaten:","value":["Zutaten: Kokosnusszubereitung 85% [Kokosnussmilch 50%, Kokosnusswasser 45%, Maismehl, Kartoffelstärke, Verdickungsmittel: Pektin (aus Früchten), Kulturen*: S. Thermophilus, L. Bulgaricus, L. Acidophilus, Bifidobacterium], Zubereitung aus Mango und Passionsfrucht 15% (konzentrierter Traubensaft, Mangopüree 25%, Passionsfruchtpüree 25%, Wasser, konzentrierter Passionsfruchtsaft 2%, Maisstärke, konzentrierter Zitronensaft, natürliches Aroma, Farbstoff: Carotinoide). *nicht aus Milch.In Großbuchstaben angegebene Zutaten enthalten allergene Inhaltstoffe."]},{"key":"Zusatztext:","value":["auf Kokosnussbasis"]},{"key":"Kontakt:","value":["Uplegger Food Company GmbH","Hans-Böckler-Straße 17, 30851 Langenhagen, Deutschland"]}],"nutritions":[{"key":"","value":"Unzubereitet"},{"key":"Energie","value":"504 kJ | 121 kcal"},{"key":"Fett","value":"8,7 g"},{"key":"Fett, davon gesättigte Fettsäuren","value":"8 g"},{"key":"Kohlenhydrate","value":"9,6 g"},{"key":"Kohlenhydrate, davon Zucker","value":"4,7 g"},{"key":"Eiweiß","value":"1,1 g"},{"key":"Salz","value":"0,03 g"}],"tags":["Vegan","Glutenfrei","Lactosefrei"]},
    {"url":"https://www.interspar.at/shop/lebensmittel/p/2020001741434","data":[{"key":"price","value":"1,99 €"},{"key":"oldPrice","value":"\n\t\t\t\t\t\n\t\t\t\t\t \n\t\t\t\t"},{"key":"pricePerUnit","value":"(16.58 €/kg)"},{"key":"productDetailsName","value":"Coconut COLLABORATIVE - Joghurtalternative Heidelbeere - 120 G"},{"key":"detailsDescription","value":"120 G"},{"key":"articleNumber","value":"Artikelnummer: 2020001741434"},{"key":"Lagerhinweis:","value":["Bei +2 bis +7°C aufbewahren."]},{"key":"Zutaten:","value":["Zutaten: Kokosnusszubereitung 85% [Kokosnussmilch 50%, Kokosnusswasser 45%, Maismehl, Kartoffelstärke, Verdickungsmittel: Pektin (aus Früchten), Kulturen*: S. Thermophilus, L. Bulgaricus,L. Acidophilus, Bifidobacterium], Heidelbeerkompott 15% (Traubensaftkonzentrat, Heidelbeeren 39%, Wasser, Maistärke, konzentrierter Zitronensaft, natürliches Aroma). *nicht aus Milch.In Großbuchstaben angegebene Zutaten enthalten allergene Inhaltstoffe."]},{"key":"Zusatztext:","value":["auf Kokosnussbasis"]},{"key":"Kontakt:","value":["Uplegger Food Company GmbH","Hans-Böckler-Straße 17, 30851 Langenhagen, Deutschland"]}],"nutritions":[{"key":"","value":"Unzubereitet"},{"key":"Energie","value":"552 kJ | 133 kcal"},{"key":"Fett","value":"9,6 g"},{"key":"Fett, davon gesättigte Fettsäuren","value":"8,9 g"},{"key":"Kohlenhydrate","value":"10 g"},{"key":"Kohlenhydrate, davon Zucker","value":"6,7 g"},{"key":"Eiweiß","value":"1 g"},{"key":"Salz","value":"0,02 g"}],"tags":["Vegan","Glutenfrei","Lactosefrei"]},
    {"url":"https://www.interspar.at/shop/lebensmittel/p/3576328","data":[{"key":"price","value":"1,39 €"},{"key":"oldPrice","value":"\n\t\t\t\t\t\n\t\t\t\t\t \n\t\t\t\t"},{"key":"pricePerUnit","value":"(11.12 €/kg)"},{"key":"productDetailsName","value":"SPAR Natur*pur - Bio-Butter aus Wiesenmilch - 125 G"},{"key":"detailsDescription","value":"125 G"},{"key":"articleNumber","value":"Artikelnummer: 3576328"},{"key":"Lagerhinweis:","value":["Gekühlt (+3 bis +9°C) lagern. Vor und nach dem Öffnen im Kühlschrank aufbewahren und innerhalb einiger Tage verbrauchen."]},{"key":"Zutaten:","value":["Zutaten: Bio-BUTTER. In Großbuchstaben angegebene Zutaten enthalten allergene Inhaltsstoffe."]},{"key":"Allergene:","value":["Enthält:Milch und daraus gewonnene Erzeugnisse (inkl. Laktose)"]},{"key":"Bio-Kontrollstelle:","value":["AT-BIO-301"]},{"key":"Ökoherkunft:","value":["Österreich-Landwirtschaft"]},{"key":"Identitätskennzeichen:","value":["AT 20130 EG"]},{"key":"Ursprungsland/Herkunftsort:","value":["Qualität aus Österreich"]},{"key":"Kontakt:","value":["SPAR Österr. Warenhandels-AG","Europastraße 3, 5015 Salzburg, Österreich","office@spar.at"]}],"nutritions":[{"key":"","value":"Unzubereitet"},{"key":" ","value":"100 g"},{"key":"Energie","value":"3058 kJ | 744 kcal"},{"key":"Fett","value":"82 g"},{"key":"Fett, davon gesättigte Fettsäuren","value":"53 g"},{"key":"Kohlenhydrate","value":"0,7 g"},{"key":"Kohlenhydrate, davon Zucker","value":"0,7 g"},{"key":"Ballaststoffe","value":"0 g"},{"key":"Eiweiß","value":"0,7 g"},{"key":"Salz","value":"0,03 g"},{"key":"Broteinheiten","value":"0,1 BE"}],"tags":["Bio"]},
    {"url":"https://www.interspar.at/shop/lebensmittel/p/955881","data":[{"key":"price","value":"2,59 €"},{"key":"oldPrice","value":"\n\t\t\t\t\t\n\t\t\t\t\t \n\t\t\t\t"},{"key":"pricePerUnit","value":"(10.36 €/kg)"},{"key":"productDetailsName","value":"SPAR Natur*pur - Bio-Butter - 250 G"},{"key":"detailsDescription","value":"250 G"},{"key":"articleNumber","value":"Artikelnummer: 955881"},{"key":"Lagerhinweis:","value":["Vor und nach dem Öffnen gekühlt (+3°C bis +6°C) lagern. Nach dem Öffnen alsbald verbrauchen."]},{"key":"Allergene:","value":["Enthält:Milch und daraus gewonnene Erzeugnisse (inkl. Laktose)"]},{"key":"Bio-Kontrollstelle:","value":["AT-BIO-902"]},{"key":"Ökoherkunft:","value":["Österreich-Landwirtschaft"]},{"key":"Identitätskennzeichen:","value":["AT 30751 EG"]},{"key":"Zusatztext:","value":["Kontrolliert durch AT-BIO-301."]},{"key":"Ursprungsland/Herkunftsort:","value":["Qualität aus Österreich"]},{"key":"Kontakt:","value":["SPAR Österr. Warenhandels-AG","Europastraße 3, 5015 Salzburg, Österreich"]}],"nutritions":[{"key":"","value":"Unzubereitet"},{"key":" ","value":"100 g"},{"key":"Energie","value":"3058 kJ | 744 kcal"},{"key":"Fett","value":"82 g"},{"key":"Fett, davon gesättigte Fettsäuren","value":"53 g"},{"key":"Kohlenhydrate","value":"0,7 g"},{"key":"Kohlenhydrate, davon Zucker","value":"0,7 g"},{"key":"Ballaststoffe","value":"0 g"},{"key":"Eiweiß","value":"0,7 g"},{"key":"Salz","value":"0,03 g"},{"key":"Broteinheiten","value":"0,1 BE"}],"tags":["Bio"]},
    {"url":"https://www.interspar.at/shop/lebensmittel/p/4466017","data":[{"key":"price","value":"0,49 €"},{"key":"oldPrice","value":"\n\t\t\t\t\t\n\t\t\t\t\t \n\t\t\t\t"},{"key":"pricePerUnit","value":"(0.98 €/l)"},{"key":"productDetailsName","value":"S-BUDGET - Fruchtmolke Mango - 0,5 L"},{"key":"detailsDescription","value":"0,5 L"},{"key":"articleNumber","value":"Artikelnummer: 4466017"},{"key":"Lagerhinweis:","value":["Vor und nach dem Öffnen bei max. +6°C lagern. Nach dem Öffnen sofort verbrauchen."]},{"key":"Zutaten:","value":["Zutaten: MOLKE, 10% Mangopüree, Zucker, Glukose-Fruktosesirup, Säuerungsmittel: Citronensäure, Stabilisator: Guarkernmehl, Säureregulator: Natriumcitrate, natürliche Aromen, Säuerungsmittel: Ascorbinsäure. In Großbuchstaben angegebene Zutaten enthalten allergene Inhaltsstoffe."]},{"key":"Allergene:","value":["Enthält:Milch und daraus gewonnene Erzeugnisse (inkl. Laktose)"]},{"key":"Identitätskennzeichen:","value":["AT 40443 EG"]},{"key":"Ursprungsland/Herkunftsort:","value":["hergestellt in Österreich"]},{"key":"Verwendungshinweis:","value":["Vor dem Öffnen gut schütteln!"]},{"key":"Kontakt:","value":["SPAR Österr. Warenhandels-AG","Europastraße 3, 5015 Salzburg, Österreich"]}],"nutritions":[{"key":"","value":"Unzubereitet"},{"key":" ","value":"100 ml"},{"key":"Energie","value":"217 kJ | 51 kcal"},{"key":"Fett","value":"0,2 g"},{"key":"Fett, davon gesättigte Fettsäuren","value":"0,1 g"},{"key":"Kohlenhydrate","value":"11,5 g"},{"key":"Kohlenhydrate, davon Zucker","value":"11,5 g"},{"key":"Ballaststoffe","value":"0,1 g"},{"key":"Eiweiß","value":"0,8 g"},{"key":"Salz","value":"0,1 g"},{"key":"Broteinheiten","value":"1 BE"},{"key":"","value":"Unzubereitet"},{"key":" ","value":"Portion (250 ml)"},{"key":"Energie","value":"543 kJ | 128 kcal"},{"key":"Fett","value":"0,5 g"},{"key":"Fett, davon gesättigte Fettsäuren","value":"0,3 g"},{"key":"Kohlenhydrate","value":"28,8 g"},{"key":"Kohlenhydrate, davon Zucker","value":"28,8 g"},{"key":"Ballaststoffe","value":"0,3 g"},{"key":"Eiweiß","value":"2 g"},{"key":"Salz","value":"0,25 g"},{"key":"Broteinheiten","value":"2,4 BE"}],"tags":[]},
    {"url":"https://www.interspar.at/shop/lebensmittel/p/4466093","data":[{"key":"price","value":"0,49 €"},{"key":"oldPrice","value":"\n\t\t\t\t\t\n\t\t\t\t\t \n\t\t\t\t"},{"key":"pricePerUnit","value":"(0.98 €/l)"},{"key":"productDetailsName","value":"S-BUDGET - Fruchtmolke Maracuja - 0,5 L"},{"key":"detailsDescription","value":"0,5 L"},{"key":"articleNumber","value":"Artikelnummer: 4466093"},{"key":"Lagerhinweis:","value":["Vor und nach dem Öffnen bei max. +6°C lagern. Nach dem Öffnen sofort verbrauchen."]},{"key":"Zutaten:","value":["Zutaten: MOLKE, 10% Maracujasaft aus Maracujasaftkonzentrat, Zucker, Glukose-Fruktosesirup, Säuerungsmittel: Citronensäure, Stabilisator: Guarkernmehl, Aromen, Säureregulator: Natriumcitrate. In Großbuchstaben angegebene Zutaten enthalten allergene Inhaltsstoffe."]},{"key":"Allergene:","value":["Enthält:Milch und daraus gewonnene Erzeugnisse (inkl. Laktose)"]},{"key":"Identitätskennzeichen:","value":["AT 40443 EG"]},{"key":"Ursprungsland/Herkunftsort:","value":["hergestellt in Österreich"]},{"key":"Kontakt:","value":["SPAR Österr. Warenhandels-AG","Europastraße 3, 5015 Salzburg, Österreich"]}],"nutritions":[{"key":"","value":"Unzubereitet"},{"key":" ","value":"100 ml"},{"key":"Energie","value":"234 kJ | 55 kcal"},{"key":"Fett","value":"0,2 g"},{"key":"Fett, davon gesättigte Fettsäuren","value":"0,1 g"},{"key":"Kohlenhydrate","value":"12,5 g"},{"key":"Kohlenhydrate, davon Zucker","value":"12,5 g"},{"key":"Ballaststoffe","value":"0,2 g"},{"key":"Eiweiß","value":"0,8 g"},{"key":"Salz","value":"0,1 g"},{"key":"Broteinheiten","value":"1 BE"},{"key":"","value":"Unzubereitet"},{"key":" ","value":"Portion (250 ml)"},{"key":"Energie","value":"585 kJ | 138 kcal"},{"key":"Fett","value":"0,5 g"},{"key":"Fett, davon gesättigte Fettsäuren","value":"0,3 g"},{"key":"Kohlenhydrate","value":"31,3 g"},{"key":"Kohlenhydrate, davon Zucker","value":"31,3 g"},{"key":"Ballaststoffe","value":"0,5 g"},{"key":"Eiweiß","value":"2 g"},{"key":"Salz","value":"0,3 g"},{"key":"Broteinheiten","value":"2,4 BE"}],"tags":[]},
    {"url":"https://www.interspar.at/shop/lebensmittel/p/2020001905973","data":[{"key":"price","value":"2,49 €"},{"key":"oldPrice","value":"\n\t\t\t\t\t\n\t\t\t\t\t \n\t\t\t\t"},{"key":"pricePerUnit","value":"(9.96 €/kg)"},{"key":"productDetailsName","value":"SPAR - Irish Gold streichzart - 250 G"},{"key":"detailsDescription","value":"250 G"},{"key":"articleNumber","value":"Artikelnummer: 2020001905973"},{"key":"Lagerhinweis:","value":["Vor und nach dem Öffnen gekühlt lagern und nach dem Öffnen alsbald verbrauchen."]},{"key":"Zutaten:","value":["Zutaten: BUTTER. In Großbuchstaben angegebene Zutaten enthalten allergene Inhaltsstoffe."]},{"key":"Allergene:","value":["Enthält:Milch und daraus gewonnene Erzeugnisse (inkl. Laktose)"]},{"key":"Identitätskennzeichen:","value":["DE NI 007 EG"]},{"key":"Ursprungsland/Herkunftsort:","value":["sorgfältig abgepackt in Deutschland"]},{"key":"Kontakt:","value":["SPAR Österr. Warenhandels-AG","Europastraße 3, 5015 Salzburg, Österreich","office@spar.at"]}],"nutritions":[{"key":"","value":"Unzubereitet"},{"key":" ","value":"100 g"},{"key":"Energie","value":"3056 kJ | 743 kcal"},{"key":"Fett","value":"82 g"},{"key":"Fett, davon gesättigte Fettsäuren","value":"55 g"},{"key":"Kohlenhydrate","value":"0,7 g"},{"key":"Kohlenhydrate, davon Zucker","value":"0,7 g"},{"key":"Ballaststoffe","value":"0 g"},{"key":"Eiweiß","value":"0,6 g"},{"key":"Salz","value":"0,03 g"},{"key":"Broteinheiten","value":"0,1 BE"}],"tags":[]},
    {"url":"https://www.interspar.at/shop/lebensmittel/p/2824994","data":[{"key":"price","value":"2,39 €"},{"key":"oldPrice","value":"\n\t\t\t\t\t\n\t\t\t\t\t \n\t\t\t\t"},{"key":"pricePerUnit","value":"(9.56 €/kg)"},{"key":"productDetailsName","value":"SPAR - Teebutter - 250 G"},{"key":"detailsDescription","value":"250 G"},{"key":"articleNumber","value":"Artikelnummer: 2824994"},{"key":"Lagerhinweis:","value":["Vor und nach dem Öffnen gekühlt lagern und nach dem Öffnen alsbald verbrauchen."]},{"key":"Zutaten:","value":["Zutaten: BUTTER. In Großbuchstaben angegebene Zutaten enthalten allergene Inhaltsstoffe."]},{"key":"Allergene:","value":["Enthält:Milch und daraus gewonnene Erzeugnisse (inkl. Laktose)"]},{"key":"Identitätskennzeichen:","value":["AT 30751 EG"]},{"key":"Zusatztext:","value":["reines Naturprodukt"]},{"key":"Ursprungsland/Herkunftsort:","value":["Qualität aus Österreich"]},{"key":"Kontakt:","value":["SPAR Österr. Warenhandels-AG","Europastraße 3, 5015 Salzburg, Österreich"]}],"nutritions":[{"key":"","value":"Unzubereitet"},{"key":" ","value":"100 g"},{"key":"Energie","value":"3056 kJ | 743 kcal"},{"key":"Fett","value":"82 g"},{"key":"Fett, davon gesättigte Fettsäuren","value":"53 g"},{"key":"Kohlenhydrate","value":"0,6 g"},{"key":"Kohlenhydrate, davon Zucker","value":"0,6 g"},{"key":"Ballaststoffe","value":"0 g"},{"key":"Eiweiß","value":"0,6 g"},{"key":"Salz","value":"0,03 g"},{"key":"Broteinheiten","value":"0,1 BE"}],"tags":[]},
    {"url":"https://www.interspar.at/shop/lebensmittel/p/2933696","data":[{"key":"price","value":"0,65 €"},{"key":"oldPrice","value":"\n\t\t\t\t\t\n\t\t\t\t\t \n\t\t\t\t"},{"key":"pricePerUnit","value":"(5.20 €/kg)"},{"key":"productDetailsName","value":"SPAR - Crème fraîche Kräuter - 125 G"},{"key":"detailsDescription","value":"125 G"},{"key":"articleNumber","value":"Artikelnummer: 2933696"},{"key":"Lagerhinweis:","value":["Vor und nach dem Öffnen gekühlt lagern. Nach dem Öffnen innerhalb von 3 Tagen verbrauchen."]},{"key":"Zutaten:","value":["Zutaten: SAUERRAHM, Speisesalz unjodiert, Kräuter, Zwiebel, Knoblauch. In Großbuchstaben angegebene Zutaten enthalten allergene Inhaltsstoffe."]},{"key":"Allergene:","value":["Enthält:Milch und daraus gewonnene Erzeugnisse (inkl. Laktose)"]},{"key":"Identitätskennzeichen:","value":["AT 20130 EG"]},{"key":"Ursprungsland/Herkunftsort:","value":["Qualität aus Österreich"]},{"key":"Verbrauchen nach dem Öffnen:","value":["3 Tage"]},{"key":"Kontakt:","value":["SPAR Österr. Warenhandels AG","Europastrasse 3, 5015 Salzburg, Österreich","office@spar.at"]}],"nutritions":[{"key":"","value":"Unzubereitet"},{"key":" ","value":"100 g"},{"key":"Energie","value":"1271 kJ | 309 kcal"},{"key":"Fett","value":"32 g"},{"key":"Fett, davon gesättigte Fettsäuren","value":"23 g"},{"key":"Kohlenhydrate","value":"2,3 g"},{"key":"Kohlenhydrate, davon Zucker","value":"2,3 g"},{"key":"Ballaststoffe","value":"0 g"},{"key":"Eiweiß","value":"2,3 g"},{"key":"Salz","value":"0,41 g"},{"key":"Broteinheiten","value":"0,2 BE"}],"tags":[]},
    {"url":"https://www.interspar.at/shop/lebensmittel/p/6954475","data":[{"key":"price","value":"1,99 €"},{"key":"oldPrice","value":"\n\t\t\t\t\t\n\t\t\t\t\t \n\t\t\t\t"},{"key":"pricePerUnit","value":"(4.98 €/kg)"},{"key":"productDetailsName","value":"SPAR Natur*pur - Bio-Hefe-Pizzateig - 400 G"},{"key":"detailsDescription","value":"400 G"},{"key":"articleNumber","value":"Artikelnummer: 6954475"},{"key":"Lagerhinweis:","value":["Teig gekühlt bei höchstens 4-6 °C aufbewahren."]},{"key":"Zutaten:","value":["Zutaten: WEIZENMEHL*, Wasser, Pflanzenmargarine (Palmöl*, Wasser, Säuerungsmittel: Citronensäure), Meersalz, Ethanol*, Olivenöl*, Backtriebmittel: Natriumhydrogencarbonat, Säuerungsmittel: Citronensäure, Hefe. *aus biologischer Landwirtschaft. In Großbuchstaben angegebene Zutaten enthalten allergene Inhaltsstoffe."]},{"key":"Allergene:","value":["Kann Spuren enthalten von:Eier und daraus gewonnene Erzeugnisse, Milch und daraus gewonnene Erzeugnisse (inkl. Laktose)","Enthält:Glutenhaltiges Getreide und daraus hergestellte Erzeugnisse"]},{"key":"","value":["ohne gehärtete FetteEnthält von Natur aus Zuckermit Meersalz"]},{"key":"","value":["Ohne Zuckerzusatz"]},{"key":"Zubereitung:","value":["BackenSPAR Natur*pur Bio-Hefe-Pizzateig ausrollen und mit Backpapier auf ein Blech legen. Leicht in Form ziehen oder (nach Belieben) noch dünner ausrollen. Anschließend belegen und im vorgeheizten Backrohr auf der mittleren Schiene bei 240°C ca. 10 - 15 Minuten backen (je nach Belag)."]},{"key":"Bio-Kontrollstelle:","value":["CH-BIO-038"]},{"key":"Ökoherkunft:","value":["EU-/Nicht-EU-Landwirtschaft"]},{"key":"Zusatztext:","value":["1 Stück rechteckig ausgerollt"]},{"key":"Ursprungsland/Herkunftsort:","value":["Sorgfältig hergestellt in der Schweiz"]},{"key":"Kontakt:","value":["SPAR Österr. Warenhandels-AG","Europastraße 3, 5015 Salzburg, Österreich"]}],"nutritions":[{"key":"","value":"Unzubereitet"},{"key":" ","value":"100 g"},{"key":"Energie","value":"1139 kJ | 270 kcal"},{"key":"Fett","value":"6,7 g"},{"key":"Fett, davon gesättigte Fettsäuren","value":"3 g"},{"key":"Kohlenhydrate","value":"44 g"},{"key":"Kohlenhydrate, davon Zucker","value":"2,3 g"},{"key":"Ballaststoffe","value":"2,4 g"},{"key":"Eiweiß","value":"7,3 g"},{"key":"Salz","value":"1,9 g"},{"key":"Broteinheiten","value":"3,7 BE"}],"tags":["Bio","Lactosefrei"]},
    {"url":"https://www.interspar.at/shop/lebensmittel/p/1634440","data":[{"key":"price","value":"2,49 €"},{"key":"oldPrice","value":"\n\t\t\t\t\t\n\t\t\t\t\t \n\t\t\t\t"},{"key":"pricePerUnit","value":"(9.96 €/kg)"},{"key":"productDetailsName","value":"SPAR free from - Teebutter - 250 G"},{"key":"detailsDescription","value":"250 G"},{"key":"articleNumber","value":"Artikelnummer: 1634440"},{"key":"Lagerhinweis:","value":["Vor und nach dem Öffnen gekühlt lagern. Nach dem Öffnen innerhalb von wenigen Tagen verbrauchen."]},{"key":"Zutaten:","value":["Zutaten: TEEBUTTER. In Großbuchstaben angegebene Zutaten enthalten allergene Inhaltsstoffe."]},{"key":"Allergene:","value":["Enthält:Milch und daraus gewonnene Erzeugnisse (inkl. Laktose)"]},{"key":"","value":["Laktosefrei"]},{"key":"Identitätskennzeichen:","value":["AT 20130 EG"]},{"key":"Ursprungsland/Herkunftsort:","value":["Qualität aus Österreich"]},{"key":"Kontakt:","value":["SPAR Österr. Warenshandels-AG","Europastraße 3, 5015 Salzburg, Österreich"]}],"nutritions":[{"key":"","value":"Unzubereitet"},{"key":" ","value":"100 g"},{"key":"Energie","value":"3058 kJ | 744 kcal"},{"key":"Fett","value":"82 g"},{"key":"Fett, davon gesättigte Fettsäuren","value":"59 g"},{"key":"Kohlenhydrate","value":"0,7 g"},{"key":"Kohlenhydrate, davon Zucker","value":"0,7 g"},{"key":"Ballaststoffe","value":"0 g"},{"key":"Eiweiß","value":"0,7 g"},{"key":"Salz","value":"0,03 g"},{"key":"Broteinheiten","value":"0,1 BE"},{"key":"Laktose","value":"< 0,1 g"},{"key":"","value":"Unzubereitet"},{"key":" ","value":"Portion (10 g)"},{"key":"Energie","value":"306 kJ | 74 kcal"},{"key":"Fett","value":"8,2 g"},{"key":"Fett, davon gesättigte Fettsäuren","value":"5,9 g"},{"key":"Kohlenhydrate","value":"0,1 g"},{"key":"Kohlenhydrate, davon Zucker","value":"0,1 g"},{"key":"Ballaststoffe","value":"0 g"},{"key":"Eiweiß","value":"0,1 g"},{"key":"Salz","value":"0 g"},{"key":"Broteinheiten","value":"0 BE"},{"key":"Laktose","value":"< 0,1 g"}],"tags":["Lactosefrei"]},
    {"url":"https://www.interspar.at/shop/lebensmittel/p/2020001036295","data":[{"key":"price","value":"1,09 €"},{"key":"oldPrice","value":"\n\t\t\t\t\t\n\t\t\t\t\t \n\t\t\t\t"},{"key":"pricePerUnit","value":"(2.18 €/l)"},{"key":"productDetailsName","value":"Lattella - frucht & molke Himbeer Zitrone - 0,5 L"},{"key":"detailsDescription","value":"0,5 L"},{"key":"articleNumber","value":"Artikelnummer: 2020001036295"},{"key":"Lagerhinweis:","value":["Gekühlt bei max. +6°C lagern."]},{"key":"Zutaten:","value":["Zutaten: fermentierte SÜSSMOLKE, 8,8% Himbeerpüree, Zucker, 1,2% Zitronensaft aus Zitronensaftkonzentrat, Karottensaftkonzentrat, Aroma, Säureregulatoren: Citronensäure, Ascorbinsäure, Natriumcitrate.In Großbuchstaben angegebene Zutaten enthalten allergene Inhaltsstoffe."]},{"key":"Allergene:","value":["Enthält:Milch und daraus gewonnene Erzeugnisse (inkl. Laktose)"]},{"key":"Identitätskennzeichen:","value":["AT 30751 EG"]},{"key":"Kontakt:","value":["Berglandmilch eGen","Schubertstraße 30, 4600 Wels, Österreich"]}],"nutritions":[{"key":"","value":"Unzubereitet"},{"key":" ","value":"100 ml"},{"key":"Energie","value":"174 kJ | 41 kcal"},{"key":"Fett","value":"< 0,5 g"},{"key":"Fett, davon gesättigte Fettsäuren","value":"< 0,1 g"},{"key":"Kohlenhydrate","value":"9,3 g"},{"key":"Kohlenhydrate, davon Zucker","value":"9,3 g"},{"key":"Eiweiß","value":"0,6 g"},{"key":"Salz","value":"0,12 g"}],"tags":[]},
    {"url":"https://www.interspar.at/shop/lebensmittel/p/2020001042180","data":[{"key":"price","value":"0,89 €"},{"key":"oldPrice","value":"\n\t\t\t\t\t\n\t\t\t\t\t \n\t\t\t\t"},{"key":"pricePerUnit","value":"(1.78 €/l)"},{"key":"productDetailsName","value":"NÖM fasten - Vital Drink Mango - 0,5 L"},{"key":"detailsDescription","value":"0,5 L"},{"key":"articleNumber","value":"Artikelnummer: 2020001042180"},{"key":"Lagerhinweis:","value":["Gekühlt (+ 3-9°C) lagern."]},{"key":"Zutaten:","value":["Zutaten: TRINKMOLKE gesäuert aus gentechnikfreier MOLKE*, 5% Mangomark, Fruktosesirup, Stabilisator: Guarkernmehl, Calciumlactat, Magnesiumlactat, Säuerungsmittel: Citronensäure, Milchsäure; 0,12% Melissenextrakt, Vitamine: C, E, B1, B6, B12, Pantothensäure, Folsäure, Niacin; Süßungsmittel: Aspartam (enthält eine Phenylalaninquelle), Acesulfam K; Farbstoff: Carotin, Aroma. *laut Definition des Österreichischen Lebensmittelcodex für gentechnikfreie Produktion; Kontrolle durch agroVet GmbH.  In Großbuchstaben angegebene Zutaten enthalten allergene Inhaltsstoffe."]},{"key":"Allergene:","value":["Enthält:Milch und daraus gewonnene Erzeugnisse (inkl. Laktose)"]},{"key":"Identitätskennzeichen:","value":["AT 30960 EG"]},{"key":"Kontakt:","value":["NÖM AG","Vöslauer Straße 109, 2500 Baden, Österreich"]}],"nutritions":[],"tags":[]},
    {"url":"https://www.interspar.at/shop/lebensmittel/p/2020001696178","data":[{"key":"price","value":"1,09 €"},{"key":"oldPrice","value":"\n\t\t\t\t\t\n\t\t\t\t\t \n\t\t\t\t"},{"key":"pricePerUnit","value":"(2.18 €/l)"},{"key":"productDetailsName","value":"Lattella - frucht & molke Brombeer Limette - 0,5 L"},{"key":"detailsDescription","value":"0,5 L"},{"key":"articleNumber","value":"Artikelnummer: 2020001696178"},{"key":"Lagerhinweis:","value":["Gekühlt bei max. +6°C lagern."]},{"key":"Zutaten:","value":["Zutaten: Fermentierte SÜSSMOLKE, 9,5% Brombeersaft aus Brombeersaftkonzentrat, Zucker, 0,5% Limettensaft aus Limettensaftkonzentrat, schwarzes Karottensaftkonzentrat, Hibiskusblütenkonzentrat, Stabilisator: Pektin, Säureregulatoren: Citronensäure, Ascorbinsäure, Natriumcitrate; Aroma. In Großbuchstaben angegebene Zutaten enthalten allergene Inhaltsstoffe."]},{"key":"Allergene:","value":["Enthält:Milch und daraus gewonnene Erzeugnisse (inkl. Laktose)"]},{"key":"","value":["Fettfrei"]},{"key":"Identitätskennzeichen:","value":["AT 30751 EG"]},{"key":"Kontakt:","value":["Berglandmilch eGen","Schubertstraße 30, 4600 Wels, Österreich"]}],"nutritions":[{"key":"","value":"Unzubereitet"},{"key":" ","value":"100 ml"},{"key":"Energie","value":"174 kJ | 41 kcal"},{"key":"Fett","value":"< 0,5 g"},{"key":"Fett, davon gesättigte Fettsäuren","value":"< 0,1 g"},{"key":"Kohlenhydrate","value":"9,6 g"},{"key":"Kohlenhydrate, davon Zucker","value":"9,5 g"},{"key":"Eiweiß","value":"0,4 g"},{"key":"Salz","value":"0,1 g"}],"tags":[]},
    {"url":"https://www.interspar.at/shop/lebensmittel/p/2426662","data":[{"key":"price","value":"1,09 €"},{"key":"oldPrice","value":"\n\t\t\t\t\t\n\t\t\t\t\t \n\t\t\t\t"},{"key":"pricePerUnit","value":"(2.18 €/l)"},{"key":"productDetailsName","value":"Lattella - Frucht & Molke Kokos Ananas - 0,5 L"},{"key":"detailsDescription","value":"0,5 L"},{"key":"articleNumber","value":"Artikelnummer: 2426662"},{"key":"Lagerhinweis:","value":["Gekühlt bei max. +6°C lagern."]},{"key":"Zutaten:","value":["Zutaten: fermentierte SÜSSMOLKE, 5% Kokosnusswasser, 5% Ananassaft aus Ananassaftkonzentrat, Zucker, Glukose-Fruktose-Sirup, Säuerungsmittel: Citronensäure, Antioxidationsmittel: Ascorbinsäure, Aroma. In Großbuchstaben angegebene Zutaten enthalten allergene Inhaltsstoffe."]},{"key":"Allergene:","value":["Enthält:Milch und daraus gewonnene Erzeugnisse (inkl. Laktose)"]},{"key":"Identitätskennzeichen:","value":["AT 30751 EG"]},{"key":"Verwendungshinweis:","value":["Vor dem Öffnen gut schütteln."]},{"key":"Kontakt:","value":["Berglandmilch eGen","Schubertstraße 30, 4600 Wels, Österreich"]}],"nutritions":[{"key":"","value":"Unzubereitet"},{"key":" ","value":"100 ml"},{"key":"Energie","value":"179 kJ | 42 kcal"},{"key":"Fett","value":"< 0,5 g"},{"key":"Fett, davon gesättigte Fettsäuren","value":"< 0,1 g"},{"key":"Kohlenhydrate","value":"9,9 g"},{"key":"Kohlenhydrate, davon Zucker","value":"9,9 g"},{"key":"Eiweiß","value":"0,4 g"},{"key":"Salz","value":"0,09 g"}],"tags":[]},
    {"url":"https://www.interspar.at/shop/lebensmittel/p/251600","data":[{"key":"price","value":"0,69 €"},{"key":"oldPrice","value":"\n\t\t\t\t\t\n\t\t\t\t\t \n\t\t\t\t"},{"key":"pricePerUnit","value":"(1.38 €/l)"},{"key":"productDetailsName","value":"Lattella - Naturmolke 0,1% Fett - 0,5 L"},{"key":"detailsDescription","value":"0,5 L"},{"key":"articleNumber","value":"Artikelnummer: 251600"},{"key":"Lagerhinweis:","value":["Gekühlt lagern."]},{"key":"Zutaten:","value":["Zutaten: TRINKMOLKE. In Großbuchstaben angegebene Zutaten enthalten allergene Inhaltsstoffe."]},{"key":"Allergene:","value":["Enthält:Milch und daraus gewonnene Erzeugnisse (inkl. Laktose)"]},{"key":"Identitätskennzeichen:","value":["AT 30751 EG"]},{"key":"Verwendungshinweis:","value":["Vor dem Öffnen gut schütteln."]},{"key":"Kontakt:","value":["Berglandmilch eGen","Schubertstraße 30, 4600 Wels, Österreich"]}],"nutritions":[{"key":"","value":"Unzubereitet"},{"key":" ","value":"100 ml"},{"key":"Energie","value":"84 kJ | 20 kcal"},{"key":"Fett","value":"0,1 g"},{"key":"Fett, davon gesättigte Fettsäuren","value":"0,06 g"},{"key":"Kohlenhydrate","value":"4,1 g"},{"key":"Kohlenhydrate, davon Zucker","value":"4,1 g"},{"key":"Eiweiß","value":"0,6 g"},{"key":"Salz","value":"0,11 g"}],"tags":[]},
    {"url":"https://www.interspar.at/shop/lebensmittel/p/2753331","data":[{"key":"price","value":"1,09 €"},{"key":"oldPrice","value":"\n\t\t\t\t\t\n\t\t\t\t\t \n\t\t\t\t"},{"key":"pricePerUnit","value":"(2.18 €/l)"},{"key":"productDetailsName","value":"Lattella - frucht & molke Erdbeer - 0,5 L"},{"key":"detailsDescription","value":"0,5 L"},{"key":"articleNumber","value":"Artikelnummer: 2753331"},{"key":"Lagerhinweis:","value":["Gekühlt bei max. +6°C lagern."]},{"key":"Zutaten:","value":["Zutaten: SÜSSMOLKE fermentiert, 7% Erdbeermark, Zucker, Frucht- und Pflanzenkonzentrate (schwarze Karotte, schwarze Johannisbeere, rote Bete), Säureregulator: Natriumcitrate, Antioxidationsmittel: Ascorbinsäure, Aroma. In Großbuchstaben angegebene Zutaten enthalten allergene Inhaltsstoffe."]},{"key":"Allergene:","value":["Enthält:Milch und daraus gewonnene Erzeugnisse (inkl. Laktose)"]},{"key":"Identitätskennzeichen:","value":["AT 30751 EG"]},{"key":"Zusatztext:","value":["Frucht & Molke"]},{"key":"Verwendungshinweis:","value":["Vor dem Öffnen gut schütteln."]},{"key":"Kontakt:","value":["Berglandmilch eGen","Schubertstraße 30, 4600 Wels, Österreich"]}],"nutritions":[{"key":"","value":"Unzubereitet"},{"key":" ","value":"100 ml"},{"key":"Energie","value":"181 kJ | 43 kcal"},{"key":"Fett","value":"< 0,5 g"},{"key":"Fett, davon gesättigte Fettsäuren","value":"< 0,1 g"},{"key":"Kohlenhydrate","value":"9,8 g"},{"key":"Kohlenhydrate, davon Zucker","value":"9,8 g"},{"key":"Eiweiß","value":"0,6 g"},{"key":"Salz","value":"0,11 g"}],"tags":[]},
    {"url":"https://www.interspar.at/shop/lebensmittel/p/3167540","data":[{"key":"price","value":"1,09 €"},{"key":"oldPrice","value":"\n\t\t\t\t\t\n\t\t\t\t\t \n\t\t\t\t"},{"key":"pricePerUnit","value":"(2.18 €/l)"},{"key":"productDetailsName","value":"Lattella - frucht & molke Mango Maracuja Light - 0,5 L"},{"key":"detailsDescription","value":"0,5 L"},{"key":"articleNumber","value":"Artikelnummer: 3167540"},{"key":"Lagerhinweis:","value":["Gekühlt lagern."]},{"key":"Zutaten:","value":["Zutaten: SÜSSMOLKE fermentiert, 5% Mangopüree, 5% Maracujasaft aus Maracujasaftkonzentrat, Süßungsmittel: Sucralose, Säureregulatoren: Citronensäure, Natriumcitrate, Aromen. In Großbuchstaben angegebene Zutaten enthalten allergene Inhaltsstoffe."]},{"key":"Allergene:","value":["Enthält:Milch und daraus gewonnene Erzeugnisse (inkl. Laktose)"]},{"key":"","value":["ohne Zuckerzusatz: Enthält von Natur aus Zucker (aus Molke und Früchten)"]},{"key":"Identitätskennzeichen:","value":["AT 30751 EG"]},{"key":"Verwendungshinweis:","value":["Vor dem Öffnen gut schütteln."]},{"key":"Kontakt:","value":["Berglandmilch eGen","Schubertstraße 30, 4600 Wels, Österreich"]}],"nutritions":[{"key":"","value":"Unzubereitet"},{"key":" ","value":"100 ml"},{"key":"Energie","value":"83 kJ | 20 kcal"},{"key":"Fett","value":"0,1 g"},{"key":"Fett, davon gesättigte Fettsäuren","value":"< 0,1 g"},{"key":"Kohlenhydrate","value":"4,4 g"},{"key":"Kohlenhydrate, davon Zucker","value":"3,9 g"},{"key":"Eiweiß","value":"0,1 g"},{"key":"Salz","value":"0,13 g"}],"tags":[]},
    {"url":"https://www.interspar.at/shop/lebensmittel/p/3200438","data":[{"key":"price","value":"1,39 €"},{"key":"oldPrice","value":"\n\t\t\t\t\t\n\t\t\t\t\t \n\t\t\t\t"},{"key":"pricePerUnit","value":"(1.39 €/l)"},{"key":"productDetailsName","value":"SalzburgMilch - Fruchtmolke 0,1% Fett Orange Maracuja - 1 L"},{"key":"detailsDescription","value":"1 L"},{"key":"articleNumber","value":"Artikelnummer: 3200438"},{"key":"Lagerhinweis:","value":["Gekühlt lagern. Nach dem Öffnen gekühlt lagern und innerhalb von 2 Tagen verbrauchen."]},{"key":"Zutaten:","value":["Zutaten: gesäuerte SÜSSMOLKE, 7,2% Maracujasaft*, Zucker, 4,8% Orangensaft*, Glucose-Fructose-Sirup, Aroma, Stabilisator: Pektin. *aus Konzentrat. In Großbuchstaben angegebene Zutaten enthalten allergene Inhaltsstoffe."]},{"key":"Allergene:","value":["Enthält:Milch und daraus gewonnene Erzeugnisse (inkl. Laktose)"]},{"key":"Identitätskennzeichen:","value":["AT 50151 EG"]},{"key":"Verbrauchen nach dem Öffnen:","value":["2 Tage"]},{"key":"Verwendungshinweis:","value":["Vor dem Öffnen schütteln und kühl genießen."]},{"key":"Kontakt:","value":["SalzburgMilch GmbH","Milchstraße 1, 5020 Salzburg, Österreich","0662/2455","0662/2455-105"]}],"nutritions":[{"key":"","value":"Unzubereitet"},{"key":" ","value":"100 ml"},{"key":"Energie","value":"200 kJ | 47 kcal"},{"key":"Fett","value":"0 g"},{"key":"Fett, davon gesättigte Fettsäuren","value":"0 g"},{"key":"Kohlenhydrate","value":"11 g"},{"key":"Kohlenhydrate, davon Zucker","value":"11 g"},{"key":"Eiweiß","value":"0,6 g"},{"key":"Salz","value":"0,11 g"}],"tags":[]},
    {"url":"https://www.interspar.at/shop/lebensmittel/p/4685340","data":[{"key":"price","value":"1,09 €"},{"key":"oldPrice","value":"\n\t\t\t\t\t\n\t\t\t\t\t \n\t\t\t\t"},{"key":"pricePerUnit","value":"(2.18 €/l)"},{"key":"productDetailsName","value":"Lattella - frucht & molke Ananas Papaya - 0,5 L"},{"key":"detailsDescription","value":"0,5 L"},{"key":"articleNumber","value":"Artikelnummer: 4685340"},{"key":"Lagerhinweis:","value":["Gekühlt bei max. +6°C lagern."]},{"key":"Zutaten:","value":["Zutaten: SÜSSMOLKE fermentiert, 8% Ananassaft aus Ananassaftkonzentrat, Zucker, 2% Papayapüree, Säureregulator: Natriumcitrate, Aroma. In Großbuchstaben angegebene Zutaten enthalten allergene Inhaltsstoffe."]},{"key":"Allergene:","value":["Enthält:Milch und daraus gewonnene Erzeugnisse (inkl. Laktose)"]},{"key":"Identitätskennzeichen:","value":["AT 30751 EG"]},{"key":"Verwendungshinweis:","value":["Vor dem Öffnen gut schütteln."]},{"key":"Kontakt:","value":["Berglandmilch eGen","Schubertstraße 30, 4600 Wels, Österreich"]}],"nutritions":[{"key":"","value":"Unzubereitet"},{"key":" ","value":"100 ml"},{"key":"Energie","value":"181 kJ | 43 kcal"},{"key":"Fett","value":"< 0,5 g"},{"key":"Fett, davon gesättigte Fettsäuren","value":"< 0,1 g"},{"key":"Kohlenhydrate","value":"9,8 g"},{"key":"Kohlenhydrate, davon Zucker","value":"9,8 g"},{"key":"Eiweiß","value":"0,6 g"},{"key":"Salz","value":"0,12 g"}],"tags":[]},
    {"url":"https://www.interspar.at/shop/lebensmittel/p/614658","data":[{"key":"price","value":"1,09 €"},{"key":"oldPrice","value":"\n\t\t\t\t\t\n\t\t\t\t\t \n\t\t\t\t"},{"key":"pricePerUnit","value":"(2.18 €/l)"},{"key":"productDetailsName","value":"Lattella - frucht & molke Mango - 0,5 L"},{"key":"detailsDescription","value":"0,5 L"},{"key":"articleNumber","value":"Artikelnummer: 614658"},{"key":"Lagerhinweis:","value":["Gekühlt bei max. +6°C lagern."]},{"key":"Zutaten:","value":["Zutaten: SÜSSMOLKE fermentiert, 10% Mangopüree, Zucker, Säureregulator: Natriumcitrate, Antioxidationsmittel: Ascorbinsäure, Aroma. In Großbuchstaben angegebene Zutaten enthalten allergene Inhaltsstoffe."]},{"key":"Allergene:","value":["Enthält:Milch und daraus gewonnene Erzeugnisse (inkl. Laktose)"]},{"key":"Identitätskennzeichen:","value":["AT 30751 EG"]},{"key":"Verwendungshinweis:","value":["Vor dem Öffnen gut schütteln."]},{"key":"Kontakt:","value":["Berglandmilch","Schubertstraße 30, 4600 Wels, Österreich"]}],"nutritions":[{"key":"","value":"Unzubereitet"},{"key":" ","value":"100 ml"},{"key":"Energie","value":"184 kJ | 43 kcal"},{"key":"Fett","value":"< 0,5 g"},{"key":"Fett, davon gesättigte Fettsäuren","value":"< 0,1 g"},{"key":"Kohlenhydrate","value":"9,9 g"},{"key":"Kohlenhydrate, davon Zucker","value":"9,9 g"},{"key":"Eiweiß","value":"0,6 g"},{"key":"Salz","value":"0,12 g"}],"tags":[]},
    {"url":"https://www.interspar.at/shop/lebensmittel/p/615983","data":[{"key":"price","value":"1,09 €"},{"key":"oldPrice","value":"\n\t\t\t\t\t\n\t\t\t\t\t \n\t\t\t\t"},{"key":"pricePerUnit","value":"(2.18 €/l)"},{"key":"productDetailsName","value":"Lattella - frucht & molke Maracuja - 0,5 L"},{"key":"detailsDescription","value":"0,5 L"},{"key":"articleNumber","value":"Artikelnummer: 615983"},{"key":"Lagerhinweis:","value":["Gekühlt bei max. +6°C lagern."]},{"key":"Zutaten:","value":["Zutaten: SÜSSMOLKE fermentiert, 10% Maracujasaft aus Maracujasaftkonzentrat, Zucker, Säureregulator: Natriumcitrate, Aroma. In Großbuchstaben angegebene Zutaten enthalten allergene Inhaltsstoffe."]},{"key":"Allergene:","value":["Enthält:Milch und daraus gewonnene Erzeugnisse (inkl. Laktose)"]},{"key":"Identitätskennzeichen:","value":["AT 30751 EG"]},{"key":"Verwendungshinweis:","value":["Vor dem Öffnen gut schütteln."]},{"key":"Kontakt:","value":["Berglandmilch","Schubertstraße 30, 4600 Wels, Österreich"]}],"nutritions":[{"key":"","value":"Unzubereitet"},{"key":" ","value":"100 ml"},{"key":"Energie","value":"183 kJ | 43 kcal"},{"key":"Fett","value":"< 0,5 g"},{"key":"Fett, davon gesättigte Fettsäuren","value":"< 0,1 g"},{"key":"Kohlenhydrate","value":"9,9 g"},{"key":"Kohlenhydrate, davon Zucker","value":"9,9 g"},{"key":"Eiweiß","value":"0,6 g"},{"key":"Salz","value":"0,12 g"}],"tags":[]},
    {"url":"https://www.interspar.at/shop/lebensmittel/p/8206992","data":[{"key":"price","value":"0,99 €"},{"key":"oldPrice","value":"\n\t\t\t\t\t\n\t\t\t\t\t \n\t\t\t\t"},{"key":"pricePerUnit","value":"(1.98 €/l)"},{"key":"productDetailsName","value":"SPAR free from - Molke Maracuja - 0,5 L"},{"key":"detailsDescription","value":"0,5 L"},{"key":"articleNumber","value":"Artikelnummer: 8206992"},{"key":"Lagerhinweis:","value":["Vor und nach dem Öffnen gekühlt lagern. Nach dem Öffnen umgehend verzehren."]},{"key":"Zutaten:","value":["Zutaten: laktosefreie MOLKE 83,5%, Maracujasaft aus Maracujasaftkonzentrat 10%, Zucker, Glukose-Fruktose-Sirup, Säuerungsmittel: Citronensäure; Stabilisator: Guakernmehl, Aroma, Säureregulator: Natriumcitrat. In Großbuchstaben angegebene Zutaten enthalten allergene Inhaltsstoffe."]},{"key":"Allergene:","value":["Enthält:Milch und daraus gewonnene Erzeugnisse (inkl. Laktose)"]},{"key":"","value":["Laktosefrei"]},{"key":"Identitätskennzeichen:","value":["AT 40443 EG"]},{"key":"Ursprungsland/Herkunftsort:","value":["hergestellt in Österreich"]},{"key":"Kontakt:","value":["SPAR Österr. Warenhandels-AG","Europastraße 3, 5015 Salzburg, Österreich"]}],"nutritions":[{"key":"","value":"Unzubereitet"},{"key":" ","value":"100 g"},{"key":"Energie","value":"244 kJ | 57 kcal"},{"key":"Fett","value":"0,2 g"},{"key":"Fett, davon gesättigte Fettsäuren","value":"0,1 g"},{"key":"Kohlenhydrate","value":"13 g"},{"key":"Kohlenhydrate, davon Zucker","value":"13 g"},{"key":"Ballaststoffe","value":"0,2 g"},{"key":"Eiweiß","value":"0,8 g"},{"key":"Salz","value":"0,1 g"},{"key":"Broteinheiten","value":"1,1 BE"},{"key":"Laktose","value":"< 0,01 g"}],"tags":["Lactosefrei"]},
    {"url":"https://www.interspar.at/shop/lebensmittel/p/8207029","data":[{"key":"price","value":"0,99 €"},{"key":"oldPrice","value":"\n\t\t\t\t\t\n\t\t\t\t\t \n\t\t\t\t"},{"key":"pricePerUnit","value":"(1.98 €/l)"},{"key":"productDetailsName","value":"SPAR free from - Molke Mango - 0,5 L"},{"key":"detailsDescription","value":"0,5 L"},{"key":"articleNumber","value":"Artikelnummer: 8207029"},{"key":"Lagerhinweis:","value":["Vor und nach dem Öffnen gekühlt lagern. Nach dem Öffnen umgehend verzehren."]},{"key":"Zutaten:","value":["Zutaten: laktosefreie MOLKE 84%, Mangopüree 10%, Zucker, Glukose-Fruktose-Sirup, Säuerungsmittel: Citronensäure, Stabilisator: Guakernmehl, Säureregulator: Natriumcitrat, natürliches Aroma, Säuerungsmittel: Ascorbinsäure. In Großbuchstaben angegebene Zutaten enthalten allergene Inhaltsstoffe."]},{"key":"Allergene:","value":["Enthält:Milch und daraus gewonnene Erzeugnisse (inkl. Laktose)"]},{"key":"","value":["Laktosefrei"]},{"key":"Identitätskennzeichen:","value":["AT 40443 EG"]},{"key":"Ursprungsland/Herkunftsort:","value":["hergestellt in Österreich"]},{"key":"Kontakt:","value":["SPAR Österr. Warenhandels-AG","Europastraße 3, 5015 Salzburg, Österreich"]}],"nutritions":[{"key":"","value":"Unzubereitet"},{"key":" ","value":"100 g"},{"key":"Energie","value":"226 kJ | 53 kcal"},{"key":"Fett","value":"0,2 g"},{"key":"Fett, davon gesättigte Fettsäuren","value":"0,1 g"},{"key":"Kohlenhydrate","value":"12 g"},{"key":"Kohlenhydrate, davon Zucker","value":"12 g"},{"key":"Ballaststoffe","value":"0,1 g"},{"key":"Eiweiß","value":"0,8 g"},{"key":"Salz","value":"0,1 g"},{"key":"Broteinheiten","value":"1 BE"},{"key":"Laktose","value":"< 0,01 g"}],"tags":["Lactosefrei"]},
    {"url":"https://www.interspar.at/shop/lebensmittel/p/2020001650453","data":[{"key":"price","value":"0,89 €"},{"key":"oldPrice","value":"\n\t\t\t\t\t\n\t\t\t\t\t \n\t\t\t\t"},{"key":"pricePerUnit","value":"(1.78 €/l)"},{"key":"productDetailsName","value":"NÖM fasten - Vital Drink Maracuja Melisse - 0,5 L"},{"key":"detailsDescription","value":"0,5 L"},{"key":"articleNumber","value":"Artikelnummer: 2020001650453"},{"key":"Lagerhinweis:","value":["Nach dem Öffnen gekühlt (3-9°C) lagern."]},{"key":"Zutaten:","value":["Zutaten: TRINKMOLKE*** gesäuert, 5,7% Maracujasaft aus Maracujasaftkonzentrat, Fruktosesirup, Stabilisator: Guarkernmehl, Calciumlactat, Magnesiumlactat, Säuerungsmittel: Citronensäure, Milchsäure; 0,12% Melissenextrakt, Vitamine: C, E, B1, B6, B12, Pantothensäure, Folsäure, Niacin; Süßungsmittel: Sucralose, Acesulfam K; Farbstoff: Carotin, Aroma. ***aus gentechnikfreier Molke laut Definition des Österreichischen Lebensmittelcodex für gentechnikfreie Produktion; Kontrolle durch agroVet GmbH. In Großbuchstaben angegebene Zutaten enthalten allergene Inhaltstoffe."]},{"key":"Allergene:","value":["Enthält:Milch und daraus gewonnene Erzeugnisse (inkl. Laktose)"]},{"key":"Identitätskennzeichen:","value":["AT 30960 EG"]},{"key":"Verbrauchen nach dem Öffnen:","value":["2 Tage"]},{"key":"Verwendungshinweis:","value":["Innerhalb von 2-3 Tagen verbrauchen. Vor dem Öffnen gut schütteln."]},{"key":"Kontakt:","value":["NÖM AG","Vöslauer Straße 109, 2500 Baden, Österreich","www.noem.at","0800 800 500","www.noemfasten.at"]}],"nutritions":[{"key":"","value":"Unzubereitet"},{"key":" ","value":"100 ml"},{"key":"Energie","value":"82 kJ | 19 kcal"},{"key":"Fett","value":"0,1 g"},{"key":"Fett, davon gesättigte Fettsäuren","value":"0,06 g"},{"key":"Kohlenhydrate","value":"4,1 g"},{"key":"Kohlenhydrate, davon Zucker","value":"4 g"},{"key":"Eiweiß","value":"0,5 g"},{"key":"Salz","value":"0,1 g"},{"key":"Vitamin E","value":"1,2 mg | 10 %"},{"key":"Vitamin C","value":"8 mg | 10 %"},{"key":"Vitamin B 1, Thiamin","value":"0,11 mg | 10 %"},{"key":"Niacin","value":"1,6 mg | 10 %"},{"key":"Vitamin B 6, Pyridoxin","value":"0,14 mg | 10 %"},{"key":"Folsäure","value":"20 µg | 10 %"},{"key":"Vitamin B 12, Cyanocobalamin","value":"0,25 µg | 10 %"},{"key":"Pantothensäure","value":"0,6 mg | 10 %"},{"key":"Kalzium","value":"80 mg | 10 %"},{"key":"Magnesium","value":"37,5 mg | 10 %"},{"key":"","value":"Unzubereitet"},{"key":" ","value":"Portion (500 ml)"},{"key":"Energie","value":"410 kJ | 95 kcal | 5 %"},{"key":"Fett","value":"0,5 g | 1 %"},{"key":"Fett, davon gesättigte Fettsäuren","value":"0,3 g | 2 %"},{"key":"Kohlenhydrate","value":"20,5 g | 8 %"},{"key":"Kohlenhydrate, davon Zucker","value":"20 g | 22 %"},{"key":"Eiweiß","value":"2,5 g | 5 %"},{"key":"Salz","value":"0,5 g | 8 %"},{"key":"Vitamin E","value":"6 mg | 50 %"},{"key":"Vitamin C","value":"40 mg | 50 %"},{"key":"Vitamin B 1, Thiamin","value":"0,55 mg | 50 %"},{"key":"Niacin","value":"8 mg | 50 %"},{"key":"Vitamin B 6, Pyridoxin","value":"0,7 mg | 50 %"},{"key":"Folsäure","value":"100 µg | 50 %"},{"key":"Vitamin B 12, Cyanocobalamin","value":"1,25 µg | 50 %"},{"key":"Pantothensäure","value":"3 mg | 50 %"},{"key":"Kalzium","value":"400 mg | 50 %"},{"key":"Magnesium","value":"187,5 mg | 50 %"}],"tags":[]},
    {"url":"https://www.interspar.at/shop/lebensmittel/p/2020001016297","data":[{"key":"price","value":"2,39 €"},{"key":"oldPrice","value":"\n\t\t\t\t\t\n\t\t\t\t\t \n\t\t\t\t"},{"key":"pricePerUnit","value":"(9.56 €/kg)"},{"key":"productDetailsName","value":"S-BUDGET - Butter - 250 G"},{"key":"detailsDescription","value":"250 G"},{"key":"articleNumber","value":"Artikelnummer: 2020001016297"},{"key":"Lagerhinweis:","value":["Vor und nach dem Öffnen bei +2°C bis +7°C lagern. Nach dem Öffnen innerhalb weniger Tage verbrauchen."]},{"key":"Zutaten:","value":["Zutaten: TEEBUTTER. In Großbuchstaben angegebene Zutaten enthalten allergene Inhaltsstoffe."]},{"key":"Allergene:","value":["Enthält:Milch und daraus gewonnene Erzeugnisse (inkl. Laktose)"]},{"key":"Identitätskennzeichen:","value":["DE BY 261 EG"]},{"key":"Ursprungsland/Herkunftsort:","value":["Sorgfältig hergestellt in Bayern"]},{"key":"Kontakt:","value":["SPAR Österr. Warenhandels-AG","Europastraße 3, 5015 Salzburg, Österreich"]}],"nutritions":[{"key":"","value":"Unzubereitet"},{"key":" ","value":"100 g"},{"key":"Energie","value":"3058 kJ | 744 kcal"},{"key":"Fett","value":"82 g"},{"key":"Fett, davon gesättigte Fettsäuren","value":"55 g"},{"key":"Kohlenhydrate","value":"0,7 g"},{"key":"Kohlenhydrate, davon Zucker","value":"0,7 g"},{"key":"Ballaststoffe","value":"0 g"},{"key":"Eiweiß","value":"0,7 g"},{"key":"Salz","value":"0,02 g"},{"key":"Broteinheiten","value":"0,1 BE"}],"tags":[]},
    {"url":"https://www.interspar.at/shop/lebensmittel/p/7840739","data":[{"key":"price","value":"0,56 €"},{"key":"oldPrice","value":"\n\t\t\t\t\t\n\t\t\t\t\t \n\t\t\t\t"},{"key":"pricePerUnit","value":"(3.73 €/kg)"},{"key":"productDetailsName","value":"S-BUDGET - Crème fraîche Natur - 150 G"},{"key":"detailsDescription","value":"150 G"},{"key":"articleNumber","value":"Artikelnummer: 7840739"},{"key":"Lagerhinweis:","value":["Vor und nach dem Öffnen gekühlt lagern und innerhalb von 3 Tagen konsumieren."]},{"key":"Zutaten:","value":["Zutaten: SAUERRAHM, Speisesalz. In Großbuchstaben angegebene Zutaten enthalten allergene Inhaltsstoffe."]},{"key":"Allergene:","value":["Enthält:Milch und daraus gewonnene Erzeugnisse (inkl. Laktose)"]},{"key":"Identitätskennzeichen:","value":["AT 20130 EG"]},{"key":"Ursprungsland/Herkunftsort:","value":["Qualität aus Österreich"]},{"key":"Verbrauchen nach dem Öffnen:","value":["3 Tage"]},{"key":"Kontakt:","value":["SPAR Österr. Warenhandels-AG","Europastraße 3, 5015 Salzburg, Österreich"]}],"nutritions":[{"key":"","value":"Unzubereitet"},{"key":" ","value":"100 g"},{"key":"Energie","value":"1271 kJ | 309 kcal"},{"key":"Fett","value":"32 g"},{"key":"Fett, davon gesättigte Fettsäuren","value":"23 g"},{"key":"Kohlenhydrate","value":"2,3 g"},{"key":"Kohlenhydrate, davon Zucker","value":"2,3 g"},{"key":"Ballaststoffe","value":"0 g"},{"key":"Eiweiß","value":"2,3 g"},{"key":"Salz","value":"0,41 g"},{"key":"Broteinheiten","value":"0,2 BE"}],"tags":["immer Billig"]},
    {"url":"https://www.interspar.at/shop/lebensmittel/p/1981285","data":[{"key":"price","value":"0,58 €"},{"key":"oldPrice","value":"\n\t\t\t\t\t\n\t\t\t\t\t \n\t\t\t\t"},{"key":"pricePerUnit","value":"(2.32 €/l)"},{"key":"productDetailsName","value":"S-BUDGET - Latte Macchiato Vanille - 250 ML"},{"key":"detailsDescription","value":"250 ML"},{"key":"articleNumber","value":"Artikelnummer: 1981285"},{"key":"Lagerhinweis:","value":["Ungeöffnet bei max. +4°C bis +7°C lagern! Nach dem Öffnen sofort verbrauchen."]},{"key":"Zutaten:","value":["Zutaten: 73% VOLLMILCH, 14% Kaffee aus Arabica-Bohnen, 5% SAHNE, Zucker, Stabilisatoren: Natriumhydrogencarbonat, Carrageen; Aroma. In Großbuchstaben angegebene Zutaten enthalten allergene Inhaltsstoffe."]},{"key":"Allergene:","value":["Enthält:Milch und daraus gewonnene Erzeugnisse (inkl. Laktose)"]},{"key":"Identitätskennzeichen:","value":["DE BY 77723 EG"]},{"key":"Ursprungsland/Herkunftsort:","value":["Sorgfältig hergestellt in Deutschland"]},{"key":"Kontakt:","value":["SPAR Österr. Warenhandels-AG","Europastraße 3, 5015 Salzburg, Österreich"]}],"nutritions":[{"key":"","value":"Unzubereitet"},{"key":" ","value":"100 ml"},{"key":"Energie","value":"347 kJ | 83 kcal"},{"key":"Fett","value":"4,1 g"},{"key":"Fett, davon gesättigte Fettsäuren","value":"2,6 g"},{"key":"Kohlenhydrate","value":"8,5 g"},{"key":"Kohlenhydrate, davon Zucker","value":"8,5 g"},{"key":"Ballaststoffe","value":"0,2 g"},{"key":"Eiweiß","value":"2,9 g"},{"key":"Salz","value":"0,18 g"},{"key":"Broteinheiten","value":"0,7 BE"}],"tags":["immer Billig"]},
    {"url":"https://www.interspar.at/shop/lebensmittel/p/2933672","data":[{"key":"price","value":"0,65 €"},{"key":"oldPrice","value":"\n\t\t\t\t\t\n\t\t\t\t\t \n\t\t\t\t"},{"key":"pricePerUnit","value":"(5.20 €/kg)"},{"key":"productDetailsName","value":"SPAR - Crème fraîche Natur - 125 G"},{"key":"detailsDescription","value":"125 G"},{"key":"articleNumber","value":"Artikelnummer: 2933672"},{"key":"Lagerhinweis:","value":["Vor und nach dem Öffnen gekühlt lagern. Nach dem Öffnen innerhalb von 3 Tagen verbrauchen."]},{"key":"Zutaten:","value":["Zutaten: SAUERRAHM, Speisesalz.In Großbuchstaben angegebene Zutaten enthalten allergene Inhaltsstoffe."]},{"key":"Allergene:","value":["Enthält:Milch und daraus gewonnene Erzeugnisse (inkl. Laktose)"]},{"key":"Identitätskennzeichen:","value":["AT 20130 EG"]},{"key":"Ursprungsland/Herkunftsort:","value":["Qualität aus Österreich"]},{"key":"Verbrauchen nach dem Öffnen:","value":["3 Tage"]},{"key":"Kontakt:","value":["SPAR Österr. Warenhandels-AG","Europastraße 3, 5015 salzburg, Österreich"]}],"nutritions":[{"key":" ","value":"100 g"},{"key":"","value":"Unzubereitet"},{"key":"Energie","value":"1271 kJ | 309 kcal"},{"key":"Fett","value":"32 g"},{"key":"Fett, davon gesättigte Fettsäuren","value":"23 g"},{"key":"Kohlenhydrate","value":"2,3 g"},{"key":"Kohlenhydrate, davon Zucker","value":"2,3 g"},{"key":"Ballaststoffe","value":"0 g"},{"key":"Eiweiß","value":"2,3 g"},{"key":"Salz","value":"0,4 g"},{"key":"Broteinheiten","value":"0,2 BE"}],"tags":[]},
    {"url":"https://www.interspar.at/shop/lebensmittel/p/5145294","data":[{"key":"price","value":"0,89 €"},{"key":"oldPrice","value":"\n\t\t\t\t\t\n\t\t\t\t\t \n\t\t\t\t"},{"key":"pricePerUnit","value":"(4.45 €/kg)"},{"key":"productDetailsName","value":"SPAR - Margarinestreichkäse Liptauer Art mild - 200 G"},{"key":"detailsDescription","value":"200 G"},{"key":"articleNumber","value":"Artikelnummer: 5145294"},{"key":"Lagerhinweis:","value":["Gekühlt lagern. Nach dem Öffnen innerhalb von 5 Tagen verbrauchen."]},{"key":"Zutaten:","value":["Zutaten: 42% TOPFEN 10% F.i.T., 15% Margarine [Palmfett, pflanzliche Öle (Rapsöl, Sonnenblumenöl), Wasser, Speisesalz, Emulgatoren: Mono- und Diglyceride von Speisefettsäuren, Lecithine, Säuerungsmittel: Citronensäure], eingelegtes Gemüse (Gurken, Zwiebel, Paprika, Weingeistessig, Konservierungsstoff: Natriumbenzoat), Wasser, SÜSSMOLKENPULVER, Rapsöl, KAFFEEOBERS 10% Fett, JOGHURT 10% Fett, Knoblauch, Kapern, Zucker, Speisesalz, modifizierte Stärke, Tomatenmark, Weingeistessig, SENFKORN, Gewürze, Konservierungsstoff: Kaliumsorbat, Verdickungsmittel: Xanthan, Guarkernmehl, Johannisbrotkernmehl, Agar-Agar, Säuerungsmittel: Milchsäure, Farbstoff: Paprikaextrakt, natürliches Aroma. In Großbuchstaben angegebene Zutaten enthalten allergene Inhaltsstoffe."]},{"key":"Allergene:","value":["Enthält:Milch und daraus gewonnene Erzeugnisse (inkl. Laktose), Senf und daraus gewonnene Erzeugnisse"]},{"key":"","value":["Glutenfrei"]},{"key":"Ursprungsland/Herkunftsort:","value":["Sorgfältig hergestellt in Österreich"]},{"key":"Verbrauchen nach dem Öffnen:","value":["5 Tage"]},{"key":"Kontakt:","value":["SPAR Österr. Warenhandels-AG","Europastraße 3, 5015 Salzburg, Österreich"]}],"nutritions":[{"key":" ","value":"100 g"},{"key":"","value":"Unzubereitet"},{"key":"Energie","value":"904 kJ | 218 kcal"},{"key":"Fett","value":"18 g"},{"key":"Fett, davon gesättigte Fettsäuren","value":"8,3 g"},{"key":"Kohlenhydrate","value":"7,7 g"},{"key":"Kohlenhydrate, davon Zucker","value":"5,6 g"},{"key":"Ballaststoffe","value":"0,6 g"},{"key":"Eiweiß","value":"6 g"},{"key":"Salz","value":"2,1 g"},{"key":"Broteinheiten","value":"0,64 BE"}],"tags":["Gekühlt","Glutenfrei"]},
    {"url":"https://www.interspar.at/shop/lebensmittel/p/5145324","data":[{"key":"price","value":"0,89 €"},{"key":"oldPrice","value":"\n\t\t\t\t\t\n\t\t\t\t\t \n\t\t\t\t"},{"key":"pricePerUnit","value":"(4.45 €/kg)"},{"key":"productDetailsName","value":"SPAR - Margarinestreichkäse Ei-Zwiebel - 200 G"},{"key":"detailsDescription","value":"200 G"},{"key":"articleNumber","value":"Artikelnummer: 5145324"},{"key":"Lagerhinweis:","value":["Gekühlt lagern. Nach dem Öffnen innerhalb von 5 Tagen verbrauchen."]},{"key":"Zutaten:","value":["Zutaten: 30% TOPFEN 10% F.i.T., 13% Margarine [Palmfett, pflanzliche Öle (Rapsöl, Sonnenblumenöl), Wasser, Speisesalz, Emulgatoren: Mono- und Diglyceride von Speisefettsäuren, Lecithine; Säuerungsmittel: Citronensäure], Wasser, 12% EIER, 6% Zwiebelzubereitung (Zwiebel, Weingeistessig, Konservierungsstoff: Natriumbenzoat), Rapsöl, SAUERRAHM 15% Fett, SÜSSMOLKENPULVER, JOGHURT 10% Fett, Knoblauch, Speisesalz, Zucker, KAFFEEOBERS 10% Fett, SENFKORN, Gewürze, 0,3% EIGELB, modifizierte Stärke, Weingeistessig, Kräuter, Konservierungsstoff: Kaliumsorbat, Verdickungsmittel: Xanthan, Guarkernmehl, Johannisbrotkernmehl; Farbstoff: Beta-Carotin, Säuerungsmittel: Milchsäure, Antioxidationsmittel: Ascorbinsäure. In Großbuchstaben angegebene Zutaten enthalten allergene Inhaltsstoffe."]},{"key":"Allergene:","value":["Enthält:Eier und daraus gewonnene Erzeugnisse, Milch und daraus gewonnene Erzeugnisse (inkl. Laktose), Senf und daraus gewonnene Erzeugnisse"]},{"key":"","value":["Glutenfrei"]},{"key":"Ursprungsland/Herkunftsort:","value":["Sorgfältig hergestellt in Österreich"]},{"key":"Verbrauchen nach dem Öffnen:","value":["5 Tage"]},{"key":"Kontakt:","value":["SPAR Österr. Warenhandels-AG","Europastraße 3, 5015 Salzburg, Österreich."]}],"nutritions":[{"key":" ","value":"100 g"},{"key":"","value":"Unzubereitet"},{"key":"Energie","value":"1067 kJ | 258 kcal"},{"key":"Fett","value":"23 g"},{"key":"Fett, davon gesättigte Fettsäuren","value":"9 g"},{"key":"Kohlenhydrate","value":"6,2 g"},{"key":"Kohlenhydrate, davon Zucker","value":"3,8 g"},{"key":"Ballaststoffe","value":"< 0,5 g"},{"key":"Eiweiß","value":"6,3 g"},{"key":"Salz","value":"1,7 g"},{"key":"Broteinheiten","value":"0,52 BE"}],"tags":["Gekühlt","Glutenfrei"]},
    {"url":"https://www.interspar.at/shop/lebensmittel/p/6895211","data":[{"key":"price","value":"0,89 €"},{"key":"oldPrice","value":"\n\t\t\t\t\t\n\t\t\t\t\t \n\t\t\t\t"},{"key":"pricePerUnit","value":"(4.45 €/kg)"},{"key":"productDetailsName","value":"SPAR - Margarinestreichkäse Liptauer Art scharf - 200 G"},{"key":"detailsDescription","value":"200 G"},{"key":"articleNumber","value":"Artikelnummer: 6895211"},{"key":"Lagerhinweis:","value":["Gekühlt lagern. Nach dem Öffnen innerhalb von 5 Tagen verbrauchen."]},{"key":"Zutaten:","value":["Zutaten: 45% TOPFEN 10% F.i.T., 14% Margarine [Palmfett, pflanzliche Öle (Rapsöl, Sonnenblumenöl), Wasser, Speisesalz, Emulgatoren: Mono- und Diglyceride von Speisefettsäuren, Lecithine, Säuerungsmittel: Citronensäure], Wasser, 9% Paprikazubereitung (Paprika, Weingeistessig, Konservierungsstoff: Natriumbenzoat), Rapsöl, KAFFEEOBERS 10% Fett, JOGHURT 10% Fett, SÜSSMOLKENPULVER, Zwiebel, Kapern, Zucker, modifzierte Stärke, Tomatenmark, Weingeistessig, Speisesalz, SENFKORN, Gewürze, Konservierungsstoff: Kaliumsorbat, Verdickungsmittel: Xanthan, Guarkernmehl, Johannisbrotkernmehl, Agar-Agar, Säuerungsmittel: Milchsäure, Farbstoff: Paprikaextrakt, natürliches Aroma. In Großbuchstaben angegebene Zutaten enthalten allergene Inhaltstoffe."]},{"key":"Allergene:","value":["Enthält:Milch und daraus gewonnene Erzeugnisse (inkl. Laktose), Senf und daraus gewonnene Erzeugnisse"]},{"key":"","value":["Glutenfrei"]},{"key":"Ursprungsland/Herkunftsort:","value":["Sorgfältig hergestellt in Österreich"]},{"key":"Verbrauchen nach dem Öffnen:","value":["5 Tage"]},{"key":"Kontakt:","value":["SPAR Österr. Warenhandels-AG","Europastraße 3, 5015 Salzburg, Österreich"]}],"nutritions":[{"key":" ","value":"100 g"},{"key":"","value":"Unzubereitet"},{"key":"Energie","value":"866 kJ | 209 kcal"},{"key":"Fett","value":"17 g"},{"key":"Fett, davon gesättigte Fettsäuren","value":"7,6 g"},{"key":"Kohlenhydrate","value":"7,4 g"},{"key":"Kohlenhydrate, davon Zucker","value":"5,4 g"},{"key":"Ballaststoffe","value":"0,7 g"},{"key":"Eiweiß","value":"6,2 g"},{"key":"Salz","value":"2,2 g"},{"key":"Broteinheiten","value":"0,62 BE"}],"tags":["Gekühlt","Glutenfrei"]},
    {"url":"https://www.interspar.at/shop/lebensmittel/p/1635638","data":[{"key":"price","value":"1,99 €"},{"key":"oldPrice","value":"\n\t\t\t\t\t\n\t\t\t\t\t \n\t\t\t\t"},{"key":"pricePerUnit","value":"(8.29 €/kg)"},{"key":"productDetailsName","value":"SPAR Natur*pur - Bio-Blätterteig 1 Stück - 240 G"},{"key":"detailsDescription","value":"240 G"},{"key":"articleNumber","value":"Artikelnummer: 1635638"},{"key":"Lagerhinweis:","value":["Teig gekühlt bei 2-7°C aufbewahren. Zum Tiefkühlen geeignet. Tiefkühlen bei - 18°C ab dem Tag des Einfrierens 6 Monate haltbar. Nach dem Öffnen sofort verbrauchen."]},{"key":"Zutaten:","value":["Zutaten: WEIZENMEHL*, Margarine* (Palmfett*, Wasser, Sonnenblumenöl*, Emulgator: Lecithine**, Speisesalz), Wasser, Ethylalkohol*, WEIZENKLEBER*, WEIZENSTÄRKE*, Speisesalz, Dextrose*, Säuerungsmittel: Citronensäure, inaktive Hefe. *aus biologischer Landwirtschaft. **aus Sonnenblumen. In Großbuchstaben angegebene Zutaten enthalten allergene Inhaltsstoffe."]},{"key":"Allergene:","value":["Enthält:Glutenhaltiges Getreide und daraus hergestellte Erzeugnisse"]},{"key":"Zubereitung:","value":["AuftauenBei Raumtemperatur ca. 3 Stunden, im Kühlschrank ca. 10 Stunden.","BackenBackofen vorheizen, Blech leicht einfetten oder das mit dem Blätterteig eingerollte Backpapier verwenden. Blätterteig ausrollen, mit einer Gabel mehrfach durchstechen, nach Belieben belegen und die Ränder mit Eiklar bestreichen. Teig einrollen und gut verschließen. Im Backrohr auf der mittleren Schiene mit Ober-/Unterhitze bei 200°C (mit Umluft bei 200°C) 25-30 Minuten goldgelb backen. Backzeit und Temperatur kann je nach Ofenart variieren."]},{"key":"Bio-Kontrollstelle:","value":["AT-BIO-902"]},{"key":"Ökoherkunft:","value":["EU-/Nicht-EU-Landwirtschaft"]},{"key":"Ursprungsland/Herkunftsort:","value":["hergestellt in Österreich"]},{"key":"Kontakt:","value":["SPAR Österr. Warenhandels-AG","Europastraße 3, 5015 Salzburg, Österreich"]}],"nutritions":[{"key":"","value":"Unzubereitet"},{"key":" ","value":"100 g"},{"key":"Energie","value":"1500 kJ | 360 kcal"},{"key":"Fett","value":"22 g"},{"key":"Fett, davon gesättigte Fettsäuren","value":"11 g"},{"key":"Kohlenhydrate","value":"34 g"},{"key":"Kohlenhydrate, davon Zucker","value":"0,7 g"},{"key":"Ballaststoffe","value":"1,4 g"},{"key":"Eiweiß","value":"5,7 g"},{"key":"Salz","value":"0,8 g"},{"key":"Broteinheiten","value":"2,8 BE"},{"key":"","value":"Unzubereitet"},{"key":" ","value":"Portion (240 g)"},{"key":"Energie","value":"3620 kJ | 868 kcal"},{"key":"Fett","value":"53 g"},{"key":"Fett, davon gesättigte Fettsäuren","value":"26 g"},{"key":"Kohlenhydrate","value":"82 g"},{"key":"Kohlenhydrate, davon Zucker","value":"1,7 g"},{"key":"Ballaststoffe","value":"3,4 g"},{"key":"Eiweiß","value":"1,9 g"},{"key":"Broteinheiten","value":"6,8 BE"}],"tags":["Bio","Lactosefrei"]},
    {"url":"https://www.interspar.at/shop/lebensmittel/p/1933925","data":[{"key":"price","value":"1,49 €"},{"key":"oldPrice","value":"\n\t\t\t\t\t\n\t\t\t\t\t \n\t\t\t\t"},{"key":"pricePerUnit","value":"(12.42 €/kg)"},{"key":"productDetailsName","value":"SPAR Natur*pur - Bio-Strudelteig gezogen 4 Blätter für 2 Strudel - 120 G"},{"key":"detailsDescription","value":"120 G"},{"key":"articleNumber","value":"Artikelnummer: 1933925"},{"key":"Lagerhinweis:","value":["Teig vor und nach dem Öffnen gekühlt bei 4-6°C und trocken lagern. Nach dem Öffnen der Folie sofort verarbeiten."]},{"key":"Zutaten:","value":["Zutaten: WEIZENMEHL*, Wasser, Glukosesirup*, Kartoffelstärke*, Sonnenblumenöl*, WEIZENKLEBER*, Hefe, Salz unjodiert, Weingeistessig*, Säuerungsmittel: Milchsäure. *aus biologischer Landwirtschaft. In Großbuchstaben angegebene Zutaten enthalten allergene Inhaltsstoffe."]},{"key":"Allergene:","value":["Enthält:Glutenhaltiges Getreide und daraus hergestellte Erzeugnisse"]},{"key":"Zubereitung:","value":["BackenBio-Strudelteig 10 Min. vor der Zubereitung aus dem Kühlschrank nehmen und ca. 400g Füllung nach Belieben (z.B. Mischung aus Äpfeln, Nüssen, Rosinen, Zucker und Zimt) vorbereiten. Ein Strudelblatt auf ein ausgebreitetes Geschirrtuch legen und mit zerlassener Butter bestreichen, ein zweites Teigblatt darüber legen. Die Füllung aus das Ihnen zugewandte Teigdrittel geben und Teigblätter seitlich ca. 2cm einschlagen. Strudel mit Hilfe des Geschirrtuchs ab dem gefüllten Drittel einrollen, mit zerlassener Butter bestreichen und mit der Naht nach unten auf ein mit Backpapier ausgelegtes Backblech legen. Im vorgeheizten Backrohr bei 180°C bis 200°C (je nach Dicke) ca. 20-30 Min. goldbraun backen."]},{"key":"Bio-Kontrollstelle:","value":["AT-BIO-902"]},{"key":"Ökoherkunft:","value":["EU-Landwirtschaft"]},{"key":"Zusatztext:","value":["4 Teigblätter à 30g verpackt in 2 Folienbeutel / für 2 Strudel"]},{"key":"Ursprungsland/Herkunftsort:","value":["hergestellt in Österreich"]},{"key":"Kontakt:","value":["SPAR Österr. Warenhandels-AG","Europastraße 3, 5015 Salzburg, Österreich"]}],"nutritions":[{"key":" ","value":"100 g"},{"key":"","value":"Unzubereitet"},{"key":"Energie","value":"1332 kJ | 315 kcal"},{"key":"Fett","value":"3,7 g"},{"key":"Fett, davon gesättigte Fettsäuren","value":"0,5 g"},{"key":"Kohlenhydrate","value":"59 g"},{"key":"Kohlenhydrate, davon Zucker","value":"6,7 g"},{"key":"Ballaststoffe","value":"2,7 g"},{"key":"Eiweiß","value":"10 g"},{"key":"Salz","value":"1 g"},{"key":"Broteinheiten","value":"4,9 BE"},{"key":"","value":"Unzubereitet"},{"key":" ","value":"Portion (30 g)"},{"key":"Energie","value":"404 kJ | 96 kcal"},{"key":"Fett","value":"1,1 g"},{"key":"Fett, davon gesättigte Fettsäuren","value":"0,2 g"},{"key":"Kohlenhydrate","value":"18 g"},{"key":"Kohlenhydrate, davon Zucker","value":"2 g"},{"key":"Ballaststoffe","value":"0,8 g"},{"key":"Eiweiß","value":"3 g"},{"key":"Salz","value":"0,3 g"},{"key":"Broteinheiten","value":"1,5 BE"}],"tags":["Bio"]},
    {"url":"https://www.interspar.at/shop/lebensmittel/p/2020001042074","data":[{"key":"price","value":"0,89 €"},{"key":"oldPrice","value":"\n\t\t\t\t\t\n\t\t\t\t\t \n\t\t\t\t"},{"key":"pricePerUnit","value":"(1.78 €/l)"},{"key":"productDetailsName","value":"NÖM fasten - Vital Drink Apfel/Karotte - 0,5 L"},{"key":"detailsDescription","value":"0,5 L"},{"key":"articleNumber","value":"Artikelnummer: 2020001042074"},{"key":"Lagerhinweis:","value":["Gekühlt (+ 3-9 °C) lagern."]},{"key":"Zutaten:","value":["Zutaten: TRINKMOLKE*, 7,7% Apfelsaft aus Apfelsaftkonzentrat, 2% Karottensaft aus Karottensaftkonzentrat und Karottenmark, 0,3% Apfelessig, Stabilisator: Guarkernmehl, Calciumlactat, Magnesiumlactat; Säuerungsmittel: Äpfelsäure, Milchsäure; Vitamine: C, E, B1, B6, B12, Pantothensäure, Folsäure, Niacin;  Säureregulator: Natriumcitrat, Farbstoff: Carotin, Süßstoffe: Aspartam, Acesulfam K; Aroma. *gesäuert aus gentechnikfreier MOLKElaut Definition des Österreichischen Lebensmittelcodex für gentechnikfreie Produktion; Kontrolle durch agroVet GmbH.  In Großbuchstaben angegebene Zutaten enthalten allergene Inhaltsstoffe."]},{"key":"Allergene:","value":["Enthält:Milch und daraus gewonnene Erzeugnisse (inkl. Laktose)"]},{"key":"Identitätskennzeichen:","value":["AT 30960 EG"]},{"key":"Kontakt:","value":["NÖM AG","Vöslauer Straße 109, 2500 Baden, Österreich"]}],"nutritions":[],"tags":[]},
    {"url":"https://www.interspar.at/shop/lebensmittel/p/2020001356553","data":[{"key":"price","value":"0,49 €"},{"key":"oldPrice","value":"\n\t\t\t\t\t\n\t\t\t\t\tstatt 0,99 €\n\t\t\t\t"},{"key":"pricePerUnit","value":"(2.58 €/kg)"},{"key":"productDetailsName","value":"Danone Obstgarten - Winterzeit Apfel-Zimt - 190 G"},{"key":"detailsDescription","value":"190 G"},{"key":"articleNumber","value":"Artikelnummer: 2020001356553"},{"key":"Lagerhinweis:","value":["Bei maximal +8 °C lagern."]},{"key":"Zutaten:","value":["Zutaten: MAGERMILCHJOGHURT, 28% FRISCHKÄSE, SCHLAGSAHNE, Glucose-Fruktosesirup, Zucker, 6% Äpfel,  Speisegelatine, modifizierte Maisstärke, Verdickungsmittel Guarkernmehl und Pektin, Zimt, Farbstoff: Beta-Carotin, Aroma. Mit Luft aufgeschlagen. ENTHÄLT MILCH. In Großbuchstaben angegebene Zutaten enthalten allergene Inhaltstoffe."]},{"key":"Allergene:","value":["Enthält:Milch und daraus gewonnene Erzeugnisse (inkl. Laktose)"]},{"key":"Zubereitung:","value":["Verzehrfertig"]},{"key":"Identitätskennzeichen:","value":["DE BY-119 EG"]},{"key":"Kontakt:","value":["Danone GmbH","Technologiestraße 10, 1120 Wien, Österreich","+43 (0)1 / 211 57-207"]}],"nutritions":[{"key":" ","value":"100 g"},{"key":"","value":"Unzubereitet"},{"key":"Energie","value":"599 kJ | 144 kcal"},{"key":"Fett","value":"5,6 g"},{"key":"Fett, davon gesättigte Fettsäuren","value":"3,6 g"},{"key":"Kohlenhydrate","value":"17,9 g"},{"key":"Kohlenhydrate, davon Zucker","value":"16,1 g"},{"key":"Eiweiß","value":"4,5 g"},{"key":"Salz","value":"0,1 g"}],"tags":[]},
    {"url":"https://www.interspar.at/shop/lebensmittel/p/2020001530212","data":[{"key":"price","value":"1,29 €"},{"key":"oldPrice","value":"\n\t\t\t\t\t\n\t\t\t\t\t \n\t\t\t\t"},{"key":"pricePerUnit","value":"(7.17 €/kg)"},{"key":"productDetailsName","value":"Schärdinger - Joghurt Topfennockerl Erdbeer-Himbeer - 180 G"},{"key":"detailsDescription","value":"180 G"},{"key":"articleNumber","value":"Artikelnummer: 2020001530212"},{"key":"Lagerhinweis:","value":["Ungeöffnet, gekühlt (3-6 °C) lagern."]},{"key":"Zutaten:","value":["Zutaten: 40% TOPFEN, 27% JOGHURT, 22% Fruchtsauce (Wasser, 5,6% Erdbeeren, Zucker, 3,3% Himbeerpüree, 2,2% Himbeeren, Aroniasaftkonzentrat, Zitronensaftkonzentrat, Stabilisator: Pektin), Zucker, Wasser, Gelatine, Stabilisatoren: Pektin, Johannisbrotkernmehl; Säureregulator: Citronensäure, Aroma, Stickstoff. In Großbuchstaben angegebene Zutaten enthalten allergene Inhaltstoffe."]},{"key":"Allergene:","value":["Enthält:Milch und daraus gewonnene Erzeugnisse (inkl. Laktose)"]},{"key":"","value":["Ohne Konservierungsstoffe"]},{"key":"Identitätskennzeichen:","value":["AT 30751 EG"]},{"key":"Kontakt:","value":["Berglandmilch eGen","Schubertstraße 30, 4600 Wels, Österreich"]}],"nutritions":[{"key":"","value":"Unzubereitet"},{"key":" ","value":"100 g"},{"key":"Energie","value":"487 kJ | 116 kcal"},{"key":"Fett","value":"3,1 g"},{"key":"Fett, davon gesättigte Fettsäuren","value":"2 g"},{"key":"Kohlenhydrate","value":"15 g"},{"key":"Kohlenhydrate, davon Zucker","value":"15 g"},{"key":"Eiweiß","value":"6,8 g"},{"key":"Salz","value":"0,15 g"}],"tags":[]},
    {"url":"https://www.interspar.at/shop/lebensmittel/p/2020001537570","data":[{"key":"price","value":"1,89 €"},{"key":"oldPrice","value":"\n\t\t\t\t\t\n\t\t\t\t\t \n\t\t\t\t"},{"key":"pricePerUnit","value":"(1.89 €/l)"},{"key":"productDetailsName","value":"Lattella - frucht & molke Maracuja - 1 L"},{"key":"detailsDescription","value":"1 L"},{"key":"articleNumber","value":"Artikelnummer: 2020001537570"},{"key":"Lagerhinweis:","value":["Vor und nach dem Öffnen gekühlt bei max. +6°C lagern."]},{"key":"Zutaten:","value":["Zutaten: SÜSSMOLKE fermentiert, 10 % Maracujasaft aus Maracujasaftkonzentrat, Zucker, Säureregulator Natriumcitrate, Aroma.In Großbuchstaben angegebene Zutaten enthalten allergene Inhaltstoffe."]},{"key":"Allergene:","value":["Enthält:Milch und daraus gewonnene Erzeugnisse (inkl. Laktose)"]},{"key":"","value":["Fettfrei"]},{"key":"Identitätskennzeichen:","value":["AT 30751 EG"]},{"key":"Kontakt:","value":["Berglandmilch eGen","Schubertstraße 30, 4600 Wels, Österreich"]}],"nutritions":[{"key":"","value":"Unzubereitet"},{"key":" ","value":"100 ml"},{"key":"Energie","value":"183 kJ | 43 kcal"},{"key":"Fett","value":"< 0,5 g"},{"key":"Fett, davon gesättigte Fettsäuren","value":"< 0,1 g"},{"key":"Kohlenhydrate","value":"9,9 g"},{"key":"Kohlenhydrate, davon Zucker","value":"9,9 g"},{"key":"Eiweiß","value":"0,6 g"},{"key":"Salz","value":"0,12 g"}],"tags":[]},
    {"url":"https://www.interspar.at/shop/lebensmittel/p/2020002088743","data":[{"key":"price","value":"0,99 €"},{"key":"oldPrice","value":"\n\t\t\t\t\t\n\t\t\t\t\t \n\t\t\t\t"},{"key":"pricePerUnit","value":"(5.50 €/kg)"},{"key":"productDetailsName","value":"Schärdinger - Lebkuchen Topfennockerl & Mandel-Schoko - 180 G"},{"key":"detailsDescription","value":"180 G"},{"key":"articleNumber","value":"Artikelnummer: 2020002088743"},{"key":"Lagerhinweis:","value":["Ungeöffnet, gekühlt (3-6°C) lagern."]},{"key":"Zutaten:","value":["Zutaten: 42% TOPFEN, 27% JOGHURT, Wasser, 8,9% MANDELN geröstet gehackt, Zucker, 2,2% Bitterschokolade (Zucker, Kakaomasse, Kakaobutter, Emulgator Lecithine[SOJA], Vanilleextrakt), Honig, Karamellzuckersirup, Zitronensaftkonzentrat, Gewürze, Gelatine, modifizierte Stärke, Stabilisatoren Pektin, Johannisbrotkernmehl; Säureregulator Citronensäure, Aromen, Speisesalz. In Großbuchstaben angegebene Zutaten enthalten allergene Inhaltstoffe."]},{"key":"Allergene:","value":["Enthält:Milch und daraus gewonnene Erzeugnisse (inkl. Laktose), Schalenfrüchte und daraus gewonnene Erzeugnisse, Sojabohnen und daraus gewonnene Erzeugnisse"]},{"key":"","value":["Ohne Konservierungsstoffe"]},{"key":"Identitätskennzeichen:","value":["AT 30751 EG"]},{"key":"Kontakt:","value":["Berglandmilch eGen","Schubertstraße 30, 4600 Wels, Österreich"]}],"nutritions":[{"key":"","value":"Unzubereitet"},{"key":" ","value":"100 g"},{"key":"Energie","value":"678 kJ | 162 kcal"},{"key":"Fett","value":"7,7 g"},{"key":"Fett, davon gesättigte Fettsäuren","value":"3 g"},{"key":"Kohlenhydrate","value":"13,6 g"},{"key":"Kohlenhydrate, davon Zucker","value":"12,7 g"},{"key":"Eiweiß","value":"9 g"},{"key":"Salz","value":"0,34 g"}],"tags":["immer Billig"]},
    {"url":"https://www.interspar.at/shop/lebensmittel/p/204507","data":[{"key":"price","value":"1,19 €"},{"key":"oldPrice","value":"\n\t\t\t\t\t\n\t\t\t\t\t \n\t\t\t\t"},{"key":"pricePerUnit","value":"(9.52 €/kg)"},{"key":"productDetailsName","value":"Schärdinger - Teebutter - 125 G"},{"key":"detailsDescription","value":"125 G"},{"key":"articleNumber","value":"Artikelnummer: 204507"},{"key":"Lagerhinweis:","value":["Nach dem Öffnen gekühlt lagern und alsbald verbrauchen."]},{"key":"Zutaten:","value":["Zutaten: TEEBUTTER. In Großbuchstaben angegebene Zutaten enthalten allergene Inhaltsstoffe."]},{"key":"Allergene:","value":["Enthält:Milch und daraus gewonnene Erzeugnisse (inkl. Laktose)"]},{"key":"Identitätskennzeichen:","value":["AT 30751 EG"]},{"key":"Kontakt:","value":["Berglandmilch eGen","Schubertstraße 30, 4600 Wels, Österreich"]}],"nutritions":[{"key":"","value":"Unzubereitet"},{"key":" ","value":"100 g"},{"key":"Energie","value":"3056 kJ | 743 kcal"},{"key":"Fett","value":"82 g"},{"key":"Fett, davon gesättigte Fettsäuren","value":"53 g"},{"key":"Kohlenhydrate","value":"0,6 g"},{"key":"Kohlenhydrate, davon Zucker","value":"0,6 g"},{"key":"Eiweiß","value":"0,7 g"},{"key":"Salz","value":"0,03 g"}],"tags":[]},
    {"url":"https://www.interspar.at/shop/lebensmittel/p/204828","data":[{"key":"price","value":"2,39 €"},{"key":"oldPrice","value":"\n\t\t\t\t\t\n\t\t\t\t\t \n\t\t\t\t"},{"key":"pricePerUnit","value":"(9.56 €/kg)"},{"key":"productDetailsName","value":"Schärdinger - Primina - 250 G"},{"key":"detailsDescription","value":"250 G"},{"key":"articleNumber","value":"Artikelnummer: 204828"},{"key":"Lagerhinweis:","value":["Vor und nach dem Öffnen gekühlt (bei 3-6°C) lagern. Nach dem Öffnen innerhalb weniger Tage verbrauchen."]},{"key":"Zutaten:","value":["Zutaten: SAUERRAHMBUTTER. In Großbuchstaben angegebene Zutaten enthalten allergene Inhaltsstoffe."]},{"key":"Allergene:","value":["Enthält:Milch und daraus gewonnene Erzeugnisse (inkl. Laktose)"]},{"key":"Identitätskennzeichen:","value":["AT 30751 EG"]},{"key":"Kontakt:","value":["Berglandmilch","Schubertstraße 30, 4600 Wels, Österreich"]}],"nutritions":[{"key":"","value":"Unzubereitet"},{"key":" ","value":"100 g"},{"key":"Energie","value":"3056 kJ | 743 kcal"},{"key":"Fett","value":"82 g"},{"key":"Fett, davon gesättigte Fettsäuren","value":"53 g"},{"key":"Kohlenhydrate","value":"0,6 g"},{"key":"Kohlenhydrate, davon Zucker","value":"0,6 g"},{"key":"Eiweiß","value":"0,7 g"},{"key":"Salz","value":"0,03 g"}],"tags":[]},
    {"url":"https://www.interspar.at/shop/lebensmittel/p/255523","data":[{"key":"price","value":"0,85 €"},{"key":"oldPrice","value":"\n\t\t\t\t\t\n\t\t\t\t\t \n\t\t\t\t"},{"key":"pricePerUnit","value":"(6.80 €/kg)"},{"key":"productDetailsName","value":"Schärdinger - Crème Fraîche natur - 125 G"},{"key":"detailsDescription","value":"125 G"},{"key":"articleNumber","value":"Artikelnummer: 255523"},{"key":"Lagerhinweis:","value":["Gekühlt lagern."]},{"key":"Zutaten:","value":["Zutaten: SAUERRAHM, Speisesalz. In Großbuchstaben angegebene Zutaten enthalten allergene Inhaltsstoffe."]},{"key":"Allergene:","value":["Enthält:Milch und daraus gewonnene Erzeugnisse (inkl. Laktose)"]},{"key":"Identitätskennzeichen:","value":["AT 30751 EG"]},{"key":"Kontakt:","value":["Berglandmilch eGen","Schubertstraße 30, 4600 Wels, Österreich"]}],"nutritions":[{"key":"","value":"Unzubereitet"},{"key":" ","value":"100 g"},{"key":"Energie","value":"1264 kJ | 307 kcal"},{"key":"Fett","value":"32 g"},{"key":"Fett, davon gesättigte Fettsäuren","value":"21 g"},{"key":"Kohlenhydrate","value":"2,3 g"},{"key":"Kohlenhydrate, davon Zucker","value":"2,3 g"},{"key":"Eiweiß","value":"2,4 g"},{"key":"Salz","value":"0,15 g"}],"tags":[]},
    {"url":"https://www.interspar.at/shop/lebensmittel/p/2608969","data":[{"key":"price","value":"2,29 €"},{"key":"oldPrice","value":"\n\t\t\t\t\t\n\t\t\t\t\t \n\t\t\t\t"},{"key":"pricePerUnit","value":"(9.16 €/kg)"},{"key":"productDetailsName","value":"Schärdinger - Teebutter - 250 G"},{"key":"detailsDescription","value":"250 G"},{"key":"articleNumber","value":"Artikelnummer: 2608969"},{"key":"Lagerhinweis:","value":["Vor und nach dem Öffnen gekühlt bei 3-6°C lagern und nach dem Öffnen innerhalb weniger Tage verzehren."]},{"key":"Zutaten:","value":["Zutaten: TEEBUTTER. In Großbuchstaben angegebene Zutaten enthalten allergene Inhaltsstoffe."]},{"key":"Allergene:","value":["Enthält:Milch und daraus gewonnene Erzeugnisse (inkl. Laktose)"]},{"key":"Identitätskennzeichen:","value":["AT 30751 EG"]},{"key":"Kontakt:","value":["Berglandmilch","Schubertstraße 30, 4600 Wels, Österreich"]}],"nutritions":[{"key":"","value":"Unzubereitet"},{"key":" ","value":"100 g"},{"key":"Energie","value":"3056 kJ | 743 kcal"},{"key":"Fett","value":"82 g"},{"key":"Fett, davon gesättigte Fettsäuren","value":"53 g"},{"key":"Kohlenhydrate","value":"0,6 g"},{"key":"Kohlenhydrate, davon Zucker","value":"0,6 g"},{"key":"Eiweiß","value":"0,7 g"},{"key":"Salz","value":"0,03 g"}],"tags":[]},
    {"url":"https://www.interspar.at/shop/lebensmittel/p/2972138","data":[{"key":"price","value":"1,89 €"},{"key":"oldPrice","value":"\n\t\t\t\t\t\n\t\t\t\t\t \n\t\t\t\t"},{"key":"pricePerUnit","value":"(1.89 €/l)"},{"key":"productDetailsName","value":"Lattella - frucht & molke Mango - 1 L"},{"key":"detailsDescription","value":"1 L"},{"key":"articleNumber","value":"Artikelnummer: 2972138"},{"key":"Lagerhinweis:","value":["Vor und nach dem Öffnen gekühlt bei max. +6°C lagern."]},{"key":"Zutaten:","value":["Zutaten: SÜSSMOLKE fermentiert, 10% Mangopüree, Zucker, Säureregulator: Natriumcitrat, Antioxidationsmittel: Ascorbinsäure, Aroma. In Großbuchstaben angegebene Zutaten enthalten allergene Inhaltsstoffe."]},{"key":"Allergene:","value":["Enthält:Milch und daraus gewonnene Erzeugnisse (inkl. Laktose)"]},{"key":"","value":["Fettfrei"]},{"key":"Identitätskennzeichen:","value":["AT 30751 EG"]},{"key":"Kontakt:","value":["Berglandmilch","A-4600 Wels"]}],"nutritions":[{"key":"","value":"Unzubereitet"},{"key":" ","value":"100 ml"},{"key":"Energie","value":"184 kJ | 43 kcal"},{"key":"Fett","value":"< 0,5 g"},{"key":"Fett, davon gesättigte Fettsäuren","value":"< 0,1 g"},{"key":"Kohlenhydrate","value":"9,9 g"},{"key":"Kohlenhydrate, davon Zucker","value":"9,9 g"},{"key":"Eiweiß","value":"0,6 g"},{"key":"Salz","value":"0,12 g"}],"tags":[]},
    {"url":"https://www.interspar.at/shop/lebensmittel/p/3325896","data":[{"key":"price","value":"0,49 €"},{"key":"oldPrice","value":"\n\t\t\t\t\t\n\t\t\t\t\tstatt 0,99 €\n\t\t\t\t"},{"key":"pricePerUnit","value":"(2.58 €/kg)"},{"key":"productDetailsName","value":"Danone Obstgarten - Vanille Erdbeere - 190 G"},{"key":"detailsDescription","value":"190 G"},{"key":"articleNumber","value":"Artikelnummer: 3325896"},{"key":"Lagerhinweis:","value":["Kühl bei maximal +8°C lagern."]},{"key":"Zutaten:","value":["Zutaten: MAGERMILCHJOGHURT, 28% FRISCHKÄSE, SCHLAGSAHNE, Glucose-Fruktosesirup, 7% Erdbeeren, Zucker, Johannisbeerpüree, Speisegelatine, modifizierte Stärke, Verdickungsmittel Johannisbrotkernmehl und Guarkernmehl, Farbstoffe Echtes Karmin und Beta-Carotin, Aromen. In Großbuchstaben angegebene Zutaten enthalten allergene Inhaltsstoffe."]},{"key":"Allergene:","value":["Enthält:Milch und daraus gewonnene Erzeugnisse (inkl. Laktose)"]},{"key":"Identitätskennzeichen:","value":["DE BY-119 EG"]},{"key":"Kontakt:","value":["Danone GmbH","Technologiestraße 10, 1120 Wien, Österreich"]}],"nutritions":[{"key":"","value":"Unzubereitet"},{"key":" ","value":"100 g"},{"key":"Energie","value":"608 kJ | 145 kcal | 7 %"},{"key":"Fett","value":"5,6 g | 8 %"},{"key":"Fett, davon gesättigte Fettsäuren","value":"3,6 g | 18 %"},{"key":"Kohlenhydrate","value":"18,9 g | 7 %"},{"key":"Kohlenhydrate, davon Zucker","value":"17 g | 19 %"},{"key":"Eiweiß","value":"4,5 g | 9 %"},{"key":"Salz","value":"0,1 g | 2 %"}],"tags":[]},
    {"url":"https://www.interspar.at/shop/lebensmittel/p/3505816","data":[{"key":"price","value":"1,55 €"},{"key":"oldPrice","value":"\n\t\t\t\t\t\n\t\t\t\t\t \n\t\t\t\t"},{"key":"pricePerUnit","value":"(12.92 €/kg)"},{"key":"productDetailsName","value":"Schärdinger - Sommer Butter 6 x 20g - 120 G"},{"key":"detailsDescription","value":"120 G"},{"key":"articleNumber","value":"Artikelnummer: 3505816"},{"key":"Lagerhinweis:","value":["Gekühlt lagern."]},{"key":"Zutaten:","value":["Zutaten: SAUERRAHMBUTTER. In Großbuchstaben angegebene Zutaten enthalten allergene Inhaltsstoffe."]},{"key":"Allergene:","value":["Enthält:Milch und daraus gewonnene Erzeugnisse (inkl. Laktose)"]},{"key":"Identitätskennzeichen:","value":["AT 30751 EG"]},{"key":"Kontakt:","value":["Berglandmilch eGen","Schubertstraße 30, 4600 Wels, Österreich"]}],"nutritions":[{"key":"","value":"Unzubereitet"},{"key":" ","value":"100 g"},{"key":"Energie","value":"3056 kJ | 743 kcal"},{"key":"Fett","value":"82 g"},{"key":"Fett, davon gesättigte Fettsäuren","value":"53 g"},{"key":"Kohlenhydrate","value":"0,6 g"},{"key":"Kohlenhydrate, davon Zucker","value":"0,6 g"},{"key":"Eiweiß","value":"0,7 g"},{"key":"Salz","value":"0,03 g"}],"tags":[]},
    {"url":"https://www.interspar.at/shop/lebensmittel/p/3983379","data":[{"key":"price","value":"0,75 €"},{"key":"oldPrice","value":"\n\t\t\t\t\t\n\t\t\t\t\t \n\t\t\t\t"},{"key":"pricePerUnit","value":"(1.50 €/l)"},{"key":"productDetailsName","value":"Kärntnermilch - Acidophilus Milch - 0,5 L"},{"key":"detailsDescription","value":"0,5 L"},{"key":"articleNumber","value":"Artikelnummer: 3983379"},{"key":"Lagerhinweis:","value":["Nach dem Öffnen gekühlt lagern und innerhalb von 3 Tagen verbrauchen"]},{"key":"Zutaten:","value":["Zutaten: MILCH. In Großbuchstaben angegebene Zutaten enthalten allergene Inhaltsstoffe."]},{"key":"Allergene:","value":["Enthält:Milch und daraus gewonnene Erzeugnisse (inkl. Laktose)"]},{"key":"Ursprungsland/Herkunftsort:","value":["Österreich"]},{"key":"Verbrauchen nach dem Öffnen:","value":["3 Tage"]},{"key":"Kontakt:","value":["Kärntnermilch reg. Gen.m.b.H.","Villacher Straße 92-94, 9800 Spittal an der Drau, Österreich"]}],"nutritions":[{"key":"","value":"Unzubereitet"},{"key":" ","value":"100 g"},{"key":"Energie","value":"264 kJ | 63 kcal"},{"key":"Fett","value":"3,5 g"},{"key":"Fett, davon gesättigte Fettsäuren","value":"2,6 g"},{"key":"Kohlenhydrate","value":"4,1 g"},{"key":"Kohlenhydrate, davon Zucker","value":"4,1 g"},{"key":"Eiweiß","value":"3,3 g"},{"key":"Salz","value":"0,13 g"}],"tags":[]},
    {"url":"https://www.interspar.at/shop/lebensmittel/p/563048","data":[{"key":"price","value":"2,39 €"},{"key":"oldPrice","value":"\n\t\t\t\t\t\n\t\t\t\t\t \n\t\t\t\t"},{"key":"pricePerUnit","value":"(9.56 €/kg)"},{"key":"productDetailsName","value":"Schärdinger - Fasslbutter - 250 G"},{"key":"detailsDescription","value":"250 G"},{"key":"articleNumber","value":"Artikelnummer: 563048"},{"key":"Lagerhinweis:","value":["Vor und nach dem Öffnen gekühlt bei 3-6°C lagern und nach dem Öffnen innerhalb weniger Tage verbrauchen."]},{"key":"Zutaten:","value":["Zutaten: SAUERRAHMBUTTER. In Großbuchstaben angegebene Zutaten enthalten allergene Inhaltsstoffe."]},{"key":"Allergene:","value":["Enthält:Milch und daraus gewonnene Erzeugnisse (inkl. Laktose)"]},{"key":"Identitätskennzeichen:","value":["AT 30751 EG"]},{"key":"Kontakt:","value":["Berglandmilch","Schubertstraße 30, 4600 Wels, Österreich"]}],"nutritions":[{"key":"","value":"Unzubereitet"},{"key":" ","value":"100 g"},{"key":"Energie","value":"3056 kJ | 743 kcal"},{"key":"Fett","value":"82 g"},{"key":"Fett, davon gesättigte Fettsäuren","value":"53 g"},{"key":"Kohlenhydrate","value":"0,6 g"},{"key":"Kohlenhydrate, davon Zucker","value":"0,6 g"},{"key":"Eiweiß","value":"0,7 g"},{"key":"Salz","value":"0,03 g"}],"tags":[]},
    {"url":"https://www.interspar.at/shop/lebensmittel/p/893626","data":[{"key":"price","value":"0,49 €"},{"key":"oldPrice","value":"\n\t\t\t\t\t\n\t\t\t\t\tstatt 0,99 €\n\t\t\t\t"},{"key":"pricePerUnit","value":"(2.58 €/kg)"},{"key":"productDetailsName","value":"Danone Obstgarten - Erdbeere - 190 G"},{"key":"detailsDescription","value":"190 G"},{"key":"articleNumber","value":"Artikelnummer: 893626"},{"key":"Lagerhinweis:","value":["Kühl bei maximal +8°C lagern."]},{"key":"Zutaten:","value":["Zutaten: MAGERMILCHJOGHURT, 30% FRISCHKÄSE, SCHLAGSAHNE, 7% Erdbeeren, Zucker, Glucose-Fruktosesirup, Johannisbeerpüree, Speisegelatine, modifizierte Stärke, Verdickungsmittel Johannisbrotkernmehl und Guarkernmehl, Farbstoff Echtes Karmin, Aroma. In Großbuchstaben angegebene Zutaten enthalten allergene Inhaltsstoffe."]},{"key":"Allergene:","value":["Enthält:Milch und daraus gewonnene Erzeugnisse (inkl. Laktose)"]},{"key":"Identitätskennzeichen:","value":["DE BY-119 EG"]},{"key":"Kontakt:","value":["Danone GmbH","Technologiestraße 10, 1120 Wien, Österreich"]}],"nutritions":[{"key":"","value":"Unzubereitet"},{"key":" ","value":"100 g"},{"key":"Energie","value":"513 kJ | 122 kcal | 6 %"},{"key":"Fett","value":"4,1 g | 6 %"},{"key":"Fett, davon gesättigte Fettsäuren","value":"2,6 g | 13 %"},{"key":"Kohlenhydrate","value":"16,3 g | 6 %"},{"key":"Kohlenhydrate, davon Zucker","value":"14,8 g | 16 %"},{"key":"Eiweiß","value":"4,8 g | 10 %"},{"key":"Salz","value":"0,13 g | 2 %"}],"tags":[]},
    {"url":"https://www.interspar.at/shop/lebensmittel/p/1423778","data":[{"key":"price","value":"0,49 €"},{"key":"oldPrice","value":"\n\t\t\t\t\t\n\t\t\t\t\tstatt 0,99 €\n\t\t\t\t"},{"key":"pricePerUnit","value":"(2.58 €/kg)"},{"key":"productDetailsName","value":"Danone Obstgarten - Pfirsich light - 190 G"},{"key":"detailsDescription","value":"190 G"},{"key":"articleNumber","value":"Artikelnummer: 1423778"},{"key":"Lagerhinweis:","value":["Kühl bei maximal + 8 °C lagern."]},{"key":"Zutaten:","value":["Zutaten: 42% FRISCHKÄSE, JOGHURT, 9,8% Pfirsiche, Oligofruktose, modifizierte Stärke, Speisegelatine, Fruktosesirup, Verdickungsmittel Guarkernmehl und Pektin, Aroma, Farbstoff Beta Carotin, Süßungsmittel Acesulfam-K und Sucralose, Vitamin D. In Großbuchstaben angegebene Zutaten enthalten allergene Inhaltsstoffe."]},{"key":"Allergene:","value":["Enthält:Milch und daraus gewonnene Erzeugnisse (inkl. Laktose)"]},{"key":"Identitätskennzeichen:","value":["DE BY-119 EG"]},{"key":"Kontakt:","value":["Danone GmbH","Technologiestraße 10, 1120 Wien, Österreich"]}],"nutritions":[{"key":"","value":"Unzubereitet"},{"key":" ","value":"100 g"},{"key":"Energie","value":"236 kJ | 56 kcal | 3 %"},{"key":"Fett","value":"0,5 g | 1 %"},{"key":"Fett, davon gesättigte Fettsäuren","value":"0,3 g | 2 %"},{"key":"Kohlenhydrate","value":"6,3 g | 2 %"},{"key":"Kohlenhydrate, davon Zucker","value":"5,3 g | 6 %"},{"key":"Eiweiß","value":"6,2 g | 12 %"},{"key":"Salz","value":"0,1 g | 2 %"}],"tags":[]},
    {"url":"https://www.interspar.at/shop/lebensmittel/p/186810","data":[{"key":"price","value":"0,49 €"},{"key":"oldPrice","value":"\n\t\t\t\t\t\n\t\t\t\t\tstatt 0,99 €\n\t\t\t\t"},{"key":"pricePerUnit","value":"(2.58 €/kg)"},{"key":"productDetailsName","value":"Danone Obstgarten - Waldfrüchte - 190 G"},{"key":"detailsDescription","value":"190 G"},{"key":"articleNumber","value":"Artikelnummer: 186810"},{"key":"Lagerhinweis:","value":["Kühl bei maximal +8°C lagern."]},{"key":"Zutaten:","value":["Zutaten: MAGERMILCHJOGHURT, 30% FRISCHKÄSE, 9% Frucht (Erdbeeren, Brombeeren, Heidelbeeren, Himbeersaft aus Himbeersaftkonzentrat, Holundersaft aus Holundersaftkonzentrat), SCHLAGOBERS, Glucose-Fruktosesirup, Zucker, Speisegelatine, modifizierte Stärke, Verdickungsmittel Guarkernmehl, Pektin und Johannisbrotkernmehl, Aroma. In Großbuchstaben angegebene Zutaten enthalten allergene Inhaltsstoffe."]},{"key":"Allergene:","value":["Enthält:Milch und daraus gewonnene Erzeugnisse (inkl. Laktose)"]},{"key":"Identitätskennzeichen:","value":["DE BY-119 EG"]},{"key":"Kontakt:","value":["Danone GmbH","Technologiestraße 10, 1120 Wien, Österreich"]}],"nutritions":[{"key":"","value":"Unzubereitet"},{"key":" ","value":"100 g"},{"key":"Energie","value":"503 kJ | 120 kcal | 6 %"},{"key":"Fett","value":"4,1 g | 6 %"},{"key":"Fett, davon gesättigte Fettsäuren","value":"2,6 g | 13 %"},{"key":"Kohlenhydrate","value":"15,6 g | 6 %"},{"key":"Kohlenhydrate, davon Zucker","value":"14,1 g | 16 %"},{"key":"Eiweiß","value":"4,8 g | 10 %"},{"key":"Salz","value":"0,15 g | 3 %"}],"tags":[]},
    {"url":"https://www.interspar.at/shop/lebensmittel/p/2020000994435","data":[{"key":"price","value":"0,49 €"},{"key":"oldPrice","value":"\n\t\t\t\t\t\n\t\t\t\t\tstatt 0,99 €\n\t\t\t\t"},{"key":"pricePerUnit","value":"(2.58 €/kg)"},{"key":"productDetailsName","value":"Danone Obstgarten - Sommerzeit Brombeer - 190 G"},{"key":"detailsDescription","value":"190 G"},{"key":"articleNumber","value":"Artikelnummer: 2020000994435"},{"key":"Lagerhinweis:","value":["Bei maximal +8 °C lagern."]},{"key":"Zutaten:","value":["Zutaten: MAGERMILCHJOGHURT, 28% FRISCHKÄSE, SCHLAGSAHNE, 12% Brombeeren,  Glukose-Fruktosesirup, Zucker, Speisegelatine, modifizierte Maisstärke, Verdickungsmittel Guarkernmehl,  Xanthan und Carrageen, Farbstoff Beta Carotin, Aroma. Mit Luft aufgeschlagen. In Großbuchstaben angegebene Zutaten enthalten allergene Inhaltstoffe."]},{"key":"Allergene:","value":["Enthält:Milch und daraus gewonnene Erzeugnisse (inkl. Laktose)"]},{"key":"Identitätskennzeichen:","value":["DE BY-119 EG"]},{"key":"Kontakt:","value":["Danone GmbH","Technologiestraße 10 , 1120 Wien, Österreich"]}],"nutritions":[{"key":"","value":"Unzubereitet"},{"key":" ","value":"100 g"},{"key":"Energie","value":"574 kJ | 137 kcal"},{"key":"Fett","value":"5,7 g"},{"key":"Fett, davon gesättigte Fettsäuren","value":"3,6 g"},{"key":"Kohlenhydrate","value":"16,6 g"},{"key":"Kohlenhydrate, davon Zucker","value":"15,6 g"},{"key":"Eiweiß","value":"4,6 g"},{"key":"Salz","value":"0,14 g"}],"tags":[]},
    {"url":"https://www.interspar.at/shop/lebensmittel/p/2020000994497","data":[{"key":"price","value":"0,49 €"},{"key":"oldPrice","value":"\n\t\t\t\t\t\n\t\t\t\t\tstatt 0,99 €\n\t\t\t\t"},{"key":"pricePerUnit","value":"(2.58 €/kg)"},{"key":"productDetailsName","value":"Danone Obstgarten - Marille - 190 G"},{"key":"detailsDescription","value":"190 G"},{"key":"articleNumber","value":"Artikelnummer: 2020000994497"},{"key":"Lagerhinweis:","value":["Bei maximal +8 °C lagern."]},{"key":"Zutaten:","value":["Zutaten: MAGERMILCHJOGHURT, 28% FRISCHKÄSE, SCHLAGSAHNE, 10% Marillen,  Glukose-Fruktosesirup, Zucker, Speisegelatine, modifizierte Maisstärke, Verdickungsmittel Guarkernmehl, Johannisbrotkernmehl und Carrageen, färbende Konzentrate Kürbis und Karotte, Farbstoff Beta Carotin, Aroma. Mit Luft aufgeschlagen. In Großbuchstaben angegebene Zutaten enthalten allergene Inhaltstoffe."]},{"key":"Allergene:","value":["Enthält:Milch und daraus gewonnene Erzeugnisse (inkl. Laktose)"]},{"key":"Identitätskennzeichen:","value":["DE BY-119 EG"]},{"key":"Kontakt:","value":["Danone GmbH","Technologiestraße 10 , 1120 Wien, Österreich"]}],"nutritions":[{"key":"","value":"Unzubereitet"},{"key":" ","value":"100 g"},{"key":"Energie","value":"555 kJ | 132 kcal"},{"key":"Fett","value":"5,6 g | 8 %"},{"key":"Fett, davon gesättigte Fettsäuren","value":"3,6 g | 18 %"},{"key":"Kohlenhydrate","value":"15,9 g | 6 %"},{"key":"Kohlenhydrate, davon Zucker","value":"14 g | 16 %"},{"key":"Eiweiß","value":"4,5 g | 9 %"},{"key":"Salz","value":"0,13 g | 2 %"}],"tags":[]},
    {"url":"https://www.interspar.at/shop/lebensmittel/p/2020001530151","data":[{"key":"price","value":"1,29 €"},{"key":"oldPrice","value":"\n\t\t\t\t\t\n\t\t\t\t\t \n\t\t\t\t"},{"key":"pricePerUnit","value":"(7.17 €/kg)"},{"key":"productDetailsName","value":"Schärdinger - Topfennockerl Vanille mit Fruchtsauce - 180 G"},{"key":"detailsDescription","value":"180 G"},{"key":"articleNumber","value":"Artikelnummer: 2020001530151"},{"key":"Lagerhinweis:","value":["Gekühlt (3-6 °C) lagern."]},{"key":"Zutaten:","value":["Zutaten: 38% TOPFEN, 23% JOGHURT, 22% Fruchtsauce (6,7% Marillen, Wasser, Zucker, 2,2% Mango, Mandarinensaft aus Mandarinensaftkonzentrat, Stabilisator Pektin, Zitronensaftkonzentrat), Wasser, Zucker, MILCHEIWEISS, modifizierte Stärke, extrahiertes Vanillepulver, Vanille-Extrakt, Stabilisator Pektin, Säureregulator Citronensäure, Natriumcitrate; Farbstoff Beta-Carotin, Stickstoff. In Großbuchstaben angegebene Zutaten enthalten allergene Inhaltsstoffe."]},{"key":"Allergene:","value":["Enthält:Milch und daraus gewonnene Erzeugnisse (inkl. Laktose)"]},{"key":"","value":["Ohne Konservierungsstoffe"]},{"key":"Identitätskennzeichen:","value":["AT 30751 EG"]},{"key":"Kontakt:","value":["Berglandmilch eGen","Schubertstraße 30, 4600 Wels, Österreich"]}],"nutritions":[{"key":"","value":"Unzubereitet"},{"key":" ","value":"100 g"},{"key":"Energie","value":"462 kJ | 109 kcal"},{"key":"Fett","value":"2,4 g"},{"key":"Fett, davon gesättigte Fettsäuren","value":"1,6 g"},{"key":"Kohlenhydrate","value":"16 g"},{"key":"Kohlenhydrate, davon Zucker","value":"15 g"},{"key":"Eiweiß","value":"6,3 g"},{"key":"Salz","value":"0,15 g"}],"tags":[]},
    {"url":"https://www.interspar.at/shop/lebensmittel/p/2020001756322","data":[{"key":"price","value":"1,29 €"},{"key":"oldPrice","value":"\n\t\t\t\t\t\n\t\t\t\t\t \n\t\t\t\t"},{"key":"pricePerUnit","value":"(7.17 €/kg)"},{"key":"productDetailsName","value":"Schärdinger - Kokos Topfennockerl & Fruchtsauce Ananas - 180 G"},{"key":"detailsDescription","value":"180 G"},{"key":"articleNumber","value":"Artikelnummer: 2020001756322"},{"key":"Lagerhinweis:","value":["Ungeöffnet, gekühlt (3-6 °C) lagern."]},{"key":"Zutaten:","value":["Zutaten: 38% TOPFEN, 25% JOGHURT, 22% Ananassauce (7,8% Ananas, Wasser, Zucker, 3,3% Ananaspüree, Zitronensaftkonzentrat, Stabilisator: Pektin), Zucker, Wasser, 0,5% Kokosflocken, 0,1% Kokosmilchpulver (Kokosnussextrakt, Maltodextrin, MILCHPROTEINE), Glukose-Fruktosesirup, Gelatine, modifizierte Stärke, Stabilisatoren: Johannisbrotkernmehl, Pektin; Säureregulator: Citronensäure, Aromen, Stickstoff. In Großbuchtstaben angegebene Zutaten enthalten allergene Inhaltsstoffe."]},{"key":"Allergene:","value":["Enthält:Milch und daraus gewonnene Erzeugnisse (inkl. Laktose)"]},{"key":"Identitätskennzeichen:","value":["AT 30751 EG"]},{"key":"Kontakt:","value":["Berglandmilch eGen","Schubertstraße 30, 4600 Wels, Österreich"]}],"nutritions":[{"key":"","value":"Unzubereitet"},{"key":" ","value":"100 g"},{"key":"Energie","value":"519 kJ | 123 kcal"},{"key":"Fett","value":"2,8 g"},{"key":"Fett, davon gesättigte Fettsäuren","value":"1,9 g"},{"key":"Kohlenhydrate","value":"18 g"},{"key":"Kohlenhydrate, davon Zucker","value":"17 g"},{"key":"Eiweiß","value":"6,3 g"},{"key":"Salz","value":"0,15 g"}],"tags":[]},
    {"url":"https://www.interspar.at/shop/lebensmittel/p/204453","data":[{"key":"price","value":"2,29 €"},{"key":"oldPrice","value":"\n\t\t\t\t\t\n\t\t\t\t\t \n\t\t\t\t"},{"key":"pricePerUnit","value":"(9.16 €/kg)"},{"key":"productDetailsName","value":"Schärdinger - Teebutter - 250 G"},{"key":"detailsDescription","value":"250 G"},{"key":"articleNumber","value":"Artikelnummer: 204453"},{"key":"Lagerhinweis:","value":["Nach dem Öffnen gekühlt lagern und alsbald verbrauchen."]},{"key":"Zutaten:","value":["Zutaten: TEEBUTTER. In Großbuchstaben angegebene Zutaten enthalten allergene Inhaltsstoffe."]},{"key":"Allergene:","value":["Enthält:Milch und daraus gewonnene Erzeugnisse (inkl. Laktose)"]},{"key":"Identitätskennzeichen:","value":["AT 30751 EG"]},{"key":"Kontakt:","value":["Berglandmilch","Schubertstraße 30, 4600 Wels, Österreich"]}],"nutritions":[{"key":"","value":"Unzubereitet"},{"key":" ","value":"100 g"},{"key":"Energie","value":"3058 kJ | 744 kcal"},{"key":"Fett","value":"82 g"},{"key":"Fett, davon gesättigte Fettsäuren","value":"53 g"},{"key":"Kohlenhydrate","value":"0,6 g"},{"key":"Kohlenhydrate, davon Zucker","value":"0,6 g"},{"key":"Eiweiß","value":"0,7 g"},{"key":"Salz","value":"0,03 g"}],"tags":[]},
    {"url":"https://www.interspar.at/shop/lebensmittel/p/205122","data":[{"key":"price","value":"1,79 €"},{"key":"oldPrice","value":"\n\t\t\t\t\t\n\t\t\t\t\tstatt 2,39 €\n\t\t\t\t"},{"key":"pricePerUnit","value":"(7.16 €/kg)"},{"key":"productDetailsName","value":"Schärdinger - Sommerbutter - 250 G"},{"key":"detailsDescription","value":"250 G"},{"key":"articleNumber","value":"Artikelnummer: 205122"},{"key":"Lagerhinweis:","value":["Gekühlt (3-6°C) lagern."]},{"key":"Zutaten:","value":["Zutaten: SAUERRAHMBUTTER. In Großbuchstaben angegebene Zutaten enthalten allergene Inhaltsstoffe."]},{"key":"Allergene:","value":["Enthält:Milch und daraus gewonnene Erzeugnisse (inkl. Laktose)"]},{"key":"Identitätskennzeichen:","value":["AT 30751 EG"]},{"key":"Kontakt:","value":["Berglandmilch eGen","Schubertstraße 30, 4600 Wels, Österreich"]}],"nutritions":[{"key":"","value":"Unzubereitet"},{"key":" ","value":"100 g"},{"key":"Energie","value":"3056 kJ | 743 kcal"},{"key":"Fett","value":"82 g"},{"key":"Fett, davon gesättigte Fettsäuren","value":"53 g"},{"key":"Kohlenhydrate","value":"0,6 g"},{"key":"Kohlenhydrate, davon Zucker","value":"0,6 g"},{"key":"Eiweiß","value":"0,7 g"},{"key":"Salz","value":"0,03 g"}],"tags":[]},
    {"url":"https://www.interspar.at/shop/lebensmittel/p/257732","data":[{"key":"price","value":"0,85 €"},{"key":"oldPrice","value":"\n\t\t\t\t\t\n\t\t\t\t\t \n\t\t\t\t"},{"key":"pricePerUnit","value":"(6.80 €/kg)"},{"key":"productDetailsName","value":"Schärdinger - Crème Fraîche Kräuter - 125 G"},{"key":"detailsDescription","value":"125 G"},{"key":"articleNumber","value":"Artikelnummer: 257732"},{"key":"Lagerhinweis:","value":["Vor und nach dem Öffnen gekühlt (3 - 6 °C) lagern. Nach dem Öffnen innerhalb weniger Tage verbrauchen."]},{"key":"Zutaten:","value":["Zutaten: CRÈME FRAÎCHE, Kräuter, Knoblauch, Speisesalz. In Großbuchstaben angegebene Zutaten enthalten allergene Inhaltsstoffe."]},{"key":"Allergene:","value":["Enthält:Milch und daraus gewonnene Erzeugnisse (inkl. Laktose)"]},{"key":"Identitätskennzeichen:","value":["AT 30751 EG"]},{"key":"Kontakt:","value":["Berglandmilch eGen","Schubertstraße 30, 4600 Wels, Österreich"]}],"nutritions":[{"key":"","value":"Unzubereitet"},{"key":" ","value":"100 g"},{"key":"Energie","value":"1153 kJ | 280 kcal"},{"key":"Fett","value":"29 g"},{"key":"Fett, davon gesättigte Fettsäuren","value":"19 g"},{"key":"Kohlenhydrate","value":"2,3 g"},{"key":"Kohlenhydrate, davon Zucker","value":"2,3 g"},{"key":"Eiweiß","value":"2,4 g"},{"key":"Salz","value":"0,92 g"}],"tags":[]},
    {"url":"https://www.interspar.at/shop/lebensmittel/p/3325902","data":[{"key":"price","value":"0,49 €"},{"key":"oldPrice","value":"\n\t\t\t\t\t\n\t\t\t\t\tstatt 0,99 €\n\t\t\t\t"},{"key":"pricePerUnit","value":"(2.58 €/kg)"},{"key":"productDetailsName","value":"Danone Obstgarten - Vanille, Kirsche - 190 G"},{"key":"detailsDescription","value":"190 G"},{"key":"articleNumber","value":"Artikelnummer: 3325902"},{"key":"Lagerhinweis:","value":["Kühl bei maximal +8°C lagern."]},{"key":"Zutaten:","value":["Zutaten: MAGERMILCHJOGHURT, 28% FRISCHKÄSE, SCHLAGSAHNE, Glukose-Fruktosesirup, 8% Kirschen, Zucker, Speisegelatine, modifizierte Stärke, Verdickungsmittel Guarkernmehl und Pektin, färbende Konzentrate (Traube und Rote Beete), Farbstoff Beta-Carotin, Aroma. In Großbuchstaben angegebene Zutaten enthalten allergene Inhaltsstoffe."]},{"key":"Allergene:","value":["Enthält:Milch und daraus gewonnene Erzeugnisse (inkl. Laktose)"]},{"key":"Identitätskennzeichen:","value":["DE BY-119 EG"]},{"key":"Kontakt:","value":["Danone GmbH","Technologiestraße 10, 1120 Wien, Österreich"]}],"nutritions":[{"key":"","value":"Unzubereitet"},{"key":" ","value":"100 g"},{"key":"Energie","value":"604 kJ | 144 kcal | 7 %"},{"key":"Fett","value":"5,6 g | 8 %"},{"key":"Fett, davon gesättigte Fettsäuren","value":"3,6 g | 18 %"},{"key":"Kohlenhydrate","value":"18,7 g | 7 %"},{"key":"Kohlenhydrate, davon Zucker","value":"16,8 g | 17 %"},{"key":"Eiweiß","value":"4,5 g | 9 %"},{"key":"Salz","value":"0,2 g | 3 %"}],"tags":[]},
    {"url":"https://www.interspar.at/shop/lebensmittel/p/3325919","data":[{"key":"price","value":"0,49 €"},{"key":"oldPrice","value":"\n\t\t\t\t\t\n\t\t\t\t\tstatt 0,99 €\n\t\t\t\t"},{"key":"pricePerUnit","value":"(2.58 €/kg)"},{"key":"productDetailsName","value":"Danone Obstgarten - Vanille Pfirsich-Maracuja - 190 G"},{"key":"detailsDescription","value":"190 G"},{"key":"articleNumber","value":"Artikelnummer: 3325919"},{"key":"Lagerhinweis:","value":["Kühl bei maximal +8°C lagern."]},{"key":"Zutaten:","value":["Zutaten: MAGERMILCHJOGHURT, 28% FRISCHKÄSE, SCHLAGSAHNE, Glucose-Fruktosesirup, 7% Pfirsiche, Zucker, 1,5% Maracujafruchtsaft aus Maracujafruchtsaftkonzentrat, Speisegelatine, modifizierte Stärke, Verdickungsmittel Guarkernmehl und Pektin, färbende Konzentrate (Karotte und Kürbis), Farbstoff Beta-Carotin, Aromen. In Großbuchstaben angegebene Zutaten enthalten allergene Inhaltsstoffe."]},{"key":"Allergene:","value":["Enthält:Milch und daraus gewonnene Erzeugnisse (inkl. Laktose)"]},{"key":"Identitätskennzeichen:","value":["DE BY-119 EG"]},{"key":"Kontakt:","value":["Danone GmbH","Technologiestraße 10, 1120 Wien, Österreich"]}],"nutritions":[{"key":"","value":"Unzubereitet"},{"key":" ","value":"100 g"},{"key":"Energie","value":"608 kJ | 145 kcal | 7 %"},{"key":"Fett","value":"5,6 g | 8 %"},{"key":"Fett, davon gesättigte Fettsäuren","value":"3,6 g | 18 %"},{"key":"Kohlenhydrate","value":"19,1 g | 7 %"},{"key":"Kohlenhydrate, davon Zucker","value":"16,8 g | 19 %"},{"key":"Eiweiß","value":"4,5 g | 9 %"},{"key":"Salz","value":"0,1 g | 2 %"}],"tags":[]},
    {"url":"https://www.interspar.at/shop/lebensmittel/p/516747","data":[{"key":"price","value":"2,39 €"},{"key":"oldPrice","value":"\n\t\t\t\t\t\n\t\t\t\t\t \n\t\t\t\t"},{"key":"pricePerUnit","value":"(9.56 €/kg)"},{"key":"productDetailsName","value":"Stainzer - Sonntags Butter mild-gesäuert - 250 G"},{"key":"detailsDescription","value":"250 G"},{"key":"articleNumber","value":"Artikelnummer: 516747"},{"key":"Lagerhinweis:","value":["Gekühlt bei max. 6°C lagern und innerhalb weniger Tage verbrauchen."]},{"key":"Zutaten:","value":["Zutaten: SAUERRAHM-BUTTER. In Großbuchstaben angegebene Zutaten enthalten allergene Inhaltsstoffe."]},{"key":"Allergene:","value":["Enthält:Milch und daraus gewonnene Erzeugnisse (inkl. Laktose)"]},{"key":"Identitätskennzeichen:","value":["AT 30751 EG"]},{"key":"Kontakt:","value":["Berglandmilch eGen","Schubertstraße 30, 4600 Wels, Österreich"]}],"nutritions":[{"key":"","value":"Unzubereitet"},{"key":" ","value":"100 g"},{"key":"Energie","value":"3056 kJ | 743 kcal"},{"key":"Fett","value":"82 g"},{"key":"Fett, davon gesättigte Fettsäuren","value":"53 g"},{"key":"Kohlenhydrate","value":"0,6 g"},{"key":"Kohlenhydrate, davon Zucker","value":"0,6 g"},{"key":"Eiweiß","value":"0,7 g"},{"key":"Salz","value":"0,03 g"}],"tags":[]},
    {"url":"https://www.interspar.at/shop/lebensmittel/p/5298136","data":[{"key":"price","value":"0,49 €"},{"key":"oldPrice","value":"\n\t\t\t\t\t\n\t\t\t\t\tstatt 0,99 €\n\t\t\t\t"},{"key":"pricePerUnit","value":"(2.58 €/kg)"},{"key":"productDetailsName","value":"Danone Obstgarten - Vanille Heidelbeere - 190 G"},{"key":"detailsDescription","value":"190 G"},{"key":"articleNumber","value":"Artikelnummer: 5298136"},{"key":"Lagerhinweis:","value":["Kühl bei maximal +8°C lagern."]},{"key":"Zutaten:","value":["Zutaten: MAGERMILCHJOGHURT, 28% FRISCHKÄSE, SCHLAGSAHNE, Zucker, Glucose-Fruktosesirup, 4% Heidelbeeren, 3% schwarze Johannisbeeren, Speisegelatine, modifizierte Stärke, Verdickungsmittel Johannisbrotkernmehl und Guarkernmehl, Farbstoff Beta-Carotin, Aromen. In Großbuchstaben angegebene Zutaten enthalten allergene Inhaltsstoffe."]},{"key":"Allergene:","value":["Enthält:Milch und daraus gewonnene Erzeugnisse (inkl. Laktose)"]},{"key":"Identitätskennzeichen:","value":["DE BY-119 EG"]},{"key":"Kontakt:","value":["Danone GmbH","Technologiestrasse 10, 1120 Wien; Österreich"]}],"nutritions":[{"key":"","value":"Unzubereitet"},{"key":" ","value":"100 g"},{"key":"Energie","value":"605 kJ | 144 kcal | 7 %"},{"key":"Fett","value":"5,6 g | 8 %"},{"key":"Fett, davon gesättigte Fettsäuren","value":"3,6 g | 18 %"},{"key":"Kohlenhydrate","value":"18,6 g | 7 %"},{"key":"Kohlenhydrate, davon Zucker","value":"16,7 g | 19 %"},{"key":"Eiweiß","value":"4,5 g | 9 %"},{"key":"Salz","value":"0,1 g | 2 %"}],"tags":[]},
    {"url":"https://www.interspar.at/shop/lebensmittel/p/632232","data":[{"key":"price","value":"2,29 €"},{"key":"oldPrice","value":"\n\t\t\t\t\t\n\t\t\t\t\t \n\t\t\t\t"},{"key":"pricePerUnit","value":"(9.16 €/kg)"},{"key":"productDetailsName","value":"NÖM - Teebutter - 250 G"},{"key":"detailsDescription","value":"250 G"},{"key":"articleNumber","value":"Artikelnummer: 632232"},{"key":"Lagerhinweis:","value":["Vor und nach dem Öffnen gekühlt (+ 3-9 °C) lagern."]},{"key":"Zutaten:","value":["Zutaten: TEEBUTTER. In Großbuchstaben angegebene Zutaten enthalten allergene Inhaltsstoffe."]},{"key":"Allergene:","value":["Enthält:Milch und daraus gewonnene Erzeugnisse (inkl. Laktose)"]},{"key":"Identitätskennzeichen:","value":["AT 31057 EG"]},{"key":"Kontakt:","value":["NÖM AG","Vöslauer Straße 109, 2500 Baden, Österreich","0800 800 500"]}],"nutritions":[{"key":"","value":"Unzubereitet"},{"key":" ","value":"100 g"},{"key":"Energie","value":"3054 kJ | 743 kcal"},{"key":"Fett","value":"82 g"},{"key":"Fett, davon gesättigte Fettsäuren","value":"49,2 g"},{"key":"Kohlenhydrate","value":"0,6 g"},{"key":"Kohlenhydrate, davon Zucker","value":"0,6 g"},{"key":"Eiweiß","value":"0,7 g"},{"key":"Salz","value":"0,01 g"}],"tags":[]},
    {"url":"https://www.interspar.at/shop/lebensmittel/p/7380662","data":[{"key":"price","value":"0,49 €"},{"key":"oldPrice","value":"\n\t\t\t\t\t\n\t\t\t\t\tstatt 0,99 €\n\t\t\t\t"},{"key":"pricePerUnit","value":"(2.58 €/kg)"},{"key":"productDetailsName","value":"Danone Obstgarten - Erdbeere light - 190 G"},{"key":"detailsDescription","value":"190 G"},{"key":"articleNumber","value":"Artikelnummer: 7380662"},{"key":"Lagerhinweis:","value":["Kühl bei maximal + 8 °C lagern."]},{"key":"Zutaten:","value":["Zutaten: 42% FRISCHKÄSE, JOGHURT, 8,6 % Erdbeeren, Fruktosesirup, Oligofruktose, Johannisbeersaft aus Johannisbeersaftkonzentrat, modifizierte Stärke, Speisegelatine,Verdickungsmittel Guarkernmehl und Pektin, Farbstoff Echtes Karmin, Aroma, Süßungsmittel Acesulfam-K und Sucralose, Vitamin D. In Großbuchstaben angegebene Zutaten enthalten allergene Inhaltsstoffe."]},{"key":"Allergene:","value":["Enthält:Milch und daraus gewonnene Erzeugnisse (inkl. Laktose)"]},{"key":"","value":["Light, Zusatzstoffe reduziert"]},{"key":"Identitätskennzeichen:","value":["DE BY-119 EG"]},{"key":"Kontakt:","value":["Danone GmbH","Technologiestraße 10, 1120 Wien, Österreich"]}],"nutritions":[{"key":"","value":"Unzubereitet"},{"key":" ","value":"100 g"},{"key":"Energie","value":"227 kJ | 54 kcal | 3 %"},{"key":"Fett","value":"0,3 g | 0 %"},{"key":"Fett, davon gesättigte Fettsäuren","value":"0,1 g | 1 %"},{"key":"Kohlenhydrate","value":"6,2 g | 2 %"},{"key":"Kohlenhydrate, davon Zucker","value":"5,6 g | 6 %"},{"key":"Eiweiß","value":"6,2 g | 12 %"},{"key":"Salz","value":"0,1 g | 2 %"}],"tags":[]},
    {"url":"https://www.interspar.at/shop/lebensmittel/p/7866630","data":[{"key":"price","value":"2,39 €"},{"key":"oldPrice","value":"\n\t\t\t\t\t\n\t\t\t\t\t \n\t\t\t\t"},{"key":"pricePerUnit","value":"(9.56 €/kg)"},{"key":"productDetailsName","value":"NÖM - Teebutter - 250 G"},{"key":"detailsDescription","value":"250 G"},{"key":"articleNumber","value":"Artikelnummer: 7866630"},{"key":"Lagerhinweis:","value":["Vor und nach dem Öffnen gekühlt (+ 3-9 °C) lagern."]},{"key":"Zutaten:","value":["Zutaten: TEEBUTTER. In Großbuchstaben angegebene Zutaten enthalten allergene Inhaltsstoffe."]},{"key":"Allergene:","value":["Enthält:Milch und daraus gewonnene Erzeugnisse (inkl. Laktose)"]},{"key":"Identitätskennzeichen:","value":["AT 31057 EG"]},{"key":"Zusatztext:","value":["streichfähig"]},{"key":"Kontakt:","value":["NÖM AG","Vöslauer Straße 109, 2500 Baden, Österreich","0800 800 500"]}],"nutritions":[{"key":"","value":"Unzubereitet"},{"key":" ","value":"100 g"},{"key":"Energie","value":"3054 kJ | 743 kcal | 37 %"},{"key":"Fett","value":"82 g | 117 %"},{"key":"Fett, davon gesättigte Fettsäuren","value":"49,2 g | 246 %"},{"key":"Kohlenhydrate","value":"< 0,6 g | 1 %"},{"key":"Kohlenhydrate, davon Zucker","value":"< 0,6 g | 1 %"},{"key":"Eiweiß","value":"0,7 g | 1 %"},{"key":"Salz","value":"< 0,01 g | 1 %"}],"tags":[]},
    {"url":"https://www.interspar.at/shop/lebensmittel/p/794725","data":[{"key":"price","value":"2,29 €"},{"key":"oldPrice","value":"\n\t\t\t\t\t\n\t\t\t\t\t \n\t\t\t\t"},{"key":"pricePerUnit","value":"(9.16 €/kg)"},{"key":"productDetailsName","value":"Stainzer - Butter aus Süßrahm - 250 G"},{"key":"detailsDescription","value":"250 G"},{"key":"articleNumber","value":"Artikelnummer: 794725"},{"key":"Lagerhinweis:","value":["Gekühlt lagern bei max. +6°C und innerhalb weniger Tage verbrauchen."]},{"key":"Zutaten:","value":["Zutaten: SÜSSRAHM-BUTTER. In Großbuchstaben angegebene Zutaten enthalten allergene Inhaltsstoffe."]},{"key":"Allergene:","value":["Enthält:Milch und daraus gewonnene Erzeugnisse (inkl. Laktose)"]},{"key":"Identitätskennzeichen:","value":["AT 30751 EG"]},{"key":"Kontakt:","value":["Berglandmilch eGen","Schubertstraße 30, 4600 Wels, Österreich"]}],"nutritions":[{"key":"","value":"Unzubereitet"},{"key":" ","value":"100 g"},{"key":"Energie","value":"3058 kJ | 744 kcal"},{"key":"Fett","value":"82 g"},{"key":"Fett, davon gesättigte Fettsäuren","value":"53 g"},{"key":"Kohlenhydrate","value":"0,7 g"},{"key":"Kohlenhydrate, davon Zucker","value":"0,7 g"},{"key":"Eiweiß","value":"0,7 g"},{"key":"Salz","value":"0,03 g"}],"tags":[]},
    {"url":"https://www.interspar.at/shop/lebensmittel/p/7950889","data":[{"key":"price","value":"1,19 €"},{"key":"oldPrice","value":"\n\t\t\t\t\t\n\t\t\t\t\t \n\t\t\t\t"},{"key":"pricePerUnit","value":"(9.52 €/kg)"},{"key":"productDetailsName","value":"NÖM - Teebutter - 125 G"},{"key":"detailsDescription","value":"125 G"},{"key":"articleNumber","value":"Artikelnummer: 7950889"},{"key":"Lagerhinweis:","value":["Vor und nach dem Öffnen gekühlt (+ 3-9 °C) lagern."]},{"key":"Zutaten:","value":["Zutaten: TEEBUTTER. In Großbuchstaben angegebene Zutaten enthalten allergene Inhaltsstoffe."]},{"key":"Allergene:","value":["Enthält:Milch und daraus gewonnene Erzeugnisse (inkl. Laktose)"]},{"key":"Identitätskennzeichen:","value":["AT 31057 EG"]},{"key":"Zusatztext:","value":["streichfähig"]},{"key":"Kontakt:","value":["NÖM AG","Vöslauer Straße 109, 2500 Baden, Österreich","0800 800 500"]}],"nutritions":[{"key":"","value":"Unzubereitet"},{"key":" ","value":"100 g"},{"key":"Energie","value":"3054 kJ | 743 kcal | 37 %"},{"key":"Fett","value":"82 g | 117 %"},{"key":"Fett, davon gesättigte Fettsäuren","value":"49,2 g | 246 %"},{"key":"Kohlenhydrate","value":"< 0,6 g | 1 %"},{"key":"Kohlenhydrate, davon Zucker","value":"< 0,6 g | 1 %"},{"key":"Eiweiß","value":"0,7 g | 1 %"},{"key":"Salz","value":"< 0,01 g | 1 %"}],"tags":[]},
    {"url":"https://www.interspar.at/shop/lebensmittel/p/893633","data":[{"key":"price","value":"0,49 €"},{"key":"oldPrice","value":"\n\t\t\t\t\t\n\t\t\t\t\tstatt 0,99 €\n\t\t\t\t"},{"key":"pricePerUnit","value":"(2.58 €/kg)"},{"key":"productDetailsName","value":"Danone Obstgarten - Kirsche - 190 G"},{"key":"detailsDescription","value":"190 G"},{"key":"articleNumber","value":"Artikelnummer: 893633"},{"key":"Lagerhinweis:","value":["Kühl bei maximal +8°C lagern."]},{"key":"Zutaten:","value":["Zutaten: MAGERMILCHJOGHURT, 30% FRISCHKÄSE, SCHLAGOBERS, 9% Kirschen, Zucker, Glucose-Fruktosesirup, Speisegelatine, modifizierte Stärke, Verdickungsmittel Guarkernmehl und Pektin, färbende Konzentrate (Traube und Rote Beete), Aroma. In Großbuchstaben angegebene Zutaten enthalten allergene Inhaltsstoffe."]},{"key":"Allergene:","value":["Enthält:Milch und daraus gewonnene Erzeugnisse (inkl. Laktose)"]},{"key":"Identitätskennzeichen:","value":["DE BY-119 EG"]},{"key":"Kontakt:","value":["Danone GmbH","Technologiestraße 10, 1120 Wien, Österreich"]}],"nutritions":[{"key":"","value":"Unzubereitet"},{"key":" ","value":"100 g"},{"key":"Energie","value":"517 kJ | 121 kcal | 6 %"},{"key":"Fett","value":"4,1 g | 6 %"},{"key":"Fett, davon gesättigte Fettsäuren","value":"2,6 g | 13 %"},{"key":"Kohlenhydrate","value":"16 g | 6 %"},{"key":"Kohlenhydrate, davon Zucker","value":"14,6 g | 16 %"},{"key":"Eiweiß","value":"4,8 g | 10 %"},{"key":"Salz","value":"0,17 g | 3 %"}],"tags":[]},
    {"url":"https://www.interspar.at/shop/lebensmittel/p/893657","data":[{"key":"price","value":"0,49 €"},{"key":"oldPrice","value":"\n\t\t\t\t\t\n\t\t\t\t\tstatt 0,99 €\n\t\t\t\t"},{"key":"pricePerUnit","value":"(2.58 €/kg)"},{"key":"productDetailsName","value":"Danone Obstgarten - Pfirsich-Maracuja - 190 G"},{"key":"detailsDescription","value":"190 G"},{"key":"articleNumber","value":"Artikelnummer: 893657"},{"key":"Lagerhinweis:","value":["Kühl bei maximal +8°C lagern."]},{"key":"Zutaten:","value":["Zutaten: MAGERMILCHJOGHURT, 30% FRISCHKÄSE, SCHLAGSAHNE, 8% Pfirsiche, Glucose-Fruktosesirup, Zucker, 1% Maracujasaft aus Maracujasaftkonzentrat, Speisegelatine, modifizierte Stärke, Verdickungsmittel Guarkernmehl und Pektin, färbende Konzentrate (Karotte und Kürbis), Aroma. In Großbuchstaben angegebene Zutaten enthalten allergene Inhaltsstoffe."]},{"key":"Allergene:","value":["Enthält:Milch und daraus gewonnene Erzeugnisse (inkl. Laktose)"]},{"key":"Identitätskennzeichen:","value":["DE BY-119 EG"]},{"key":"Kontakt:","value":["Danone GmbH","Technologiestraße 10, 1120 Wien, Österreich"]}],"nutritions":[{"key":"","value":"Unzubereitet"},{"key":" ","value":"100 g"},{"key":"Energie","value":"515 kJ | 122 kcal | 6 %"},{"key":"Fett","value":"4,1 g | 6 %"},{"key":"Fett, davon gesättigte Fettsäuren","value":"2,6 g | 13 %"},{"key":"Kohlenhydrate","value":"16,4 g | 6 %"},{"key":"Kohlenhydrate, davon Zucker","value":"14,6 g | 16 %"},{"key":"Eiweiß","value":"4,8 g | 10 %"},{"key":"Salz","value":"0,15 g | 2 %"}],"tags":[]},
    {"url":"https://www.interspar.at/shop/lebensmittel/p/2020001310197","data":[{"key":"price","value":"1,10 €"},{"key":"oldPrice","value":"\n\t\t\t\t\t\n\t\t\t\t\t \n\t\t\t\t"},{"key":"pricePerUnit","value":"(21.90 €/kg)"},{"key":"productDetailsName","value":"SPAR PREMIUM - Grana Padano riserva D.O.P. - 1 KG"},{"key":"detailsDescription","value":"1 KG"},{"key":"articleNumber","value":"Artikelnummer: 2020001310197"},{"key":"Lagerhinweis:","value":["Zwischen +4°C und +8°C gekühlt lagern."]},{"key":"Zutaten:","value":["Zutaten: ROHMILCH, Salz unjodiert, tierisches Lab, Konservierungsstoff Lysozym (EI). In Großbuchstaben angegebene Zutaten enthalten allergene Inhaltsstoffe."]},{"key":"Allergene:","value":["Enthält:Eier und daraus gewonnene Erzeugnisse, Milch und daraus gewonnene Erzeugnisse (inkl. Laktose)"]},{"key":"Identitätskennzeichen:","value":["IT 03 642 CE"]},{"key":"Zusatztext:","value":["20 Monate gereift"]},{"key":"Ursprungsland/Herkunftsort:","value":["Sorgfältig hergestellt in Italien"]},{"key":"Kontakt:","value":["SPAR Österr. Warenhandels-AG","Europastraße 3, 5015 Salzburg, Österreich","office@spar.at"]}],"nutritions":[{"key":"","value":"Unzubereitet"},{"key":" ","value":"100 g"},{"key":"Energie","value":"1654 kJ | 398 kcal"},{"key":"Fett","value":"29 g"},{"key":"Fett, davon gesättigte Fettsäuren","value":"18 g"},{"key":"Kohlenhydrate","value":"0 g"},{"key":"Kohlenhydrate, davon Zucker","value":"0 g"},{"key":"Ballaststoffe","value":"0 g"},{"key":"Eiweiß","value":"33 g"},{"key":"Salz","value":"1,5 g"},{"key":"Broteinheiten","value":"0 BE"}],"tags":["Gekühlt"]},
    {"url":"https://www.interspar.at/shop/lebensmittel/p/2020001313709","data":[{"key":"price","value":"1,60 €"},{"key":"oldPrice","value":"\n\t\t\t\t\t\n\t\t\t\t\t \n\t\t\t\t"},{"key":"pricePerUnit","value":"(31.90 €/kg)"},{"key":"productDetailsName","value":"SPAR PREMIUM - Parmigiano Reggiano riserva D.O.P. - 1 KG"},{"key":"detailsDescription","value":"1 KG"},{"key":"articleNumber","value":"Artikelnummer: 2020001313709"},{"key":"Lagerhinweis:","value":["Gekühlt zwischen +4°C und +8°C lagern."]},{"key":"Zutaten:","value":["Zutaten: ROHMILCH, Speisesalz unjodiert, tierisches Lab. In Großbuchstaben angegebene Zutaten enthalten allergene Inhaltsstoffe."]},{"key":"Allergene:","value":["Enthält:Milch und daraus gewonnene Erzeugnisse (inkl. Laktose)"]},{"key":"Identitätskennzeichen:","value":["IT 08 040 CE"]},{"key":"Zusatztext:","value":["30 Monate gereift"]},{"key":"Ursprungsland/Herkunftsort:","value":["Sorgfältig hergestellt in Italien"]},{"key":"Kontakt:","value":["SPAR Österr. Warenhandels-AG","Europastraße 3, 5015 Salzburg, Österreich","office@spar.at"]}],"nutritions":[{"key":"","value":"Unzubereitet"},{"key":" ","value":"100 g"},{"key":"Energie","value":"1671 kJ | 402 kcal"},{"key":"Fett","value":"30 g"},{"key":"Fett, davon gesättigte Fettsäuren","value":"20 g"},{"key":"Kohlenhydrate","value":"0 g"},{"key":"Kohlenhydrate, davon Zucker","value":"0 g"},{"key":"Ballaststoffe","value":"0 g"},{"key":"Eiweiß","value":"32 g"},{"key":"Salz","value":"1,6 g"},{"key":"Broteinheiten","value":"0 BE"}],"tags":["Gekühlt"]},
    {"url":"https://www.interspar.at/shop/lebensmittel/p/3076460","data":[{"key":"price","value":"5,99 €"},{"key":"oldPrice","value":"\n\t\t\t\t\t\n\t\t\t\t\t \n\t\t\t\t"},{"key":"pricePerUnit","value":"(29.95 €/kg)"},{"key":"productDetailsName","value":"SPAR PREMIUM - Parmigiano Reggiano D.O.P. - 200 G"},{"key":"detailsDescription","value":"200 G"},{"key":"articleNumber","value":"Artikelnummer: 3076460"},{"key":"Lagerhinweis:","value":["Vor und nach dem Öffnen bei +4 °C bis +8°C lagern. Nach dem Öffnen innerhalb von 30 Tagen genießen."]},{"key":"Zutaten:","value":["Zutaten: MILCH, Salz, tierisches Lab. In Großbuchstaben angegebene Zutaten enthalten allergene Inhaltsstoffe."]},{"key":"Allergene:","value":["Enthält:Milch und daraus gewonnene Erzeugnisse (inkl. Laktose)"]},{"key":"Identitätskennzeichen:","value":["IT 08040 CE"]},{"key":"Ursprungsland/Herkunftsort:","value":["Sorgfältig hergestellt in Italien"]},{"key":"Verbrauchen nach dem Öffnen:","value":["30 Tage"]},{"key":"Kontakt:","value":["SPAR Österr. Warenhandels-AG","Europastraße 3, 5015 Salzburg, Österreich"]}],"nutritions":[{"key":" ","value":"100 g"},{"key":"","value":"Unzubereitet"},{"key":"Energie","value":"1633 kJ | 392 kcal"},{"key":"Fett","value":"28 g"},{"key":"Fett, davon gesättigte Fettsäuren","value":"19 g"},{"key":"Kohlenhydrate","value":"0 g"},{"key":"Kohlenhydrate, davon Zucker","value":"0 g"},{"key":"Ballaststoffe","value":"0 g"},{"key":"Eiweiß","value":"33 g"},{"key":"Salz","value":"1,6 g"},{"key":"Broteinheiten","value":"0 BE"}],"tags":["Gekühlt"]},
    {"url":"https://www.interspar.at/shop/lebensmittel/p/4842477","data":[{"key":"price","value":"8,95 €"},{"key":"oldPrice","value":"\n\t\t\t\t\t\n\t\t\t\t\t \n\t\t\t\t"},{"key":"pricePerUnit","value":"(19.90 €/kg)"},{"key":"productDetailsName","value":"SPAR PREMIUM - Grana Padano D.O.P - 1 KG"},{"key":"detailsDescription","value":"1 KG"},{"key":"articleNumber","value":"Artikelnummer: 4842477"},{"key":"Lagerhinweis:","value":["Vor und nach dem Öffnen gekühlt lagern und nach dem Öffnen innerhalb von 3 Wochen verzehren."]},{"key":"Zutaten:","value":["Zutaten: MILCH, Speisesalz, tierisches Lab, Konservierungsstoff: Lysozym (aus EI). In Großbuchstaben angegebene Zutaten enthalten allergene Inhaltsstoffe."]},{"key":"Allergene:","value":["Enthält:Eier und daraus gewonnene Erzeugnisse, Milch und daraus gewonnene Erzeugnisse (inkl. Laktose)"]},{"key":"Identitätskennzeichen:","value":["IT 08 161 CE"]},{"key":"Zusatztext:","value":["20 Monate gereift"]},{"key":"Ursprungsland/Herkunftsort:","value":["Sorgfältig hergestellt in Italien"]},{"key":"Verbrauchen nach dem Öffnen:","value":["21 Tage"]},{"key":"Kontakt:","value":["SPAR Österr. Warenhandels-AG","Europastraße 3, 5015 Salzburg, Österreich"]}],"nutritions":[{"key":" ","value":"100 g"},{"key":"","value":"Unzubereitet"},{"key":"Energie","value":"1597 kJ | 384 kcal"},{"key":"Fett","value":"28 g"},{"key":"Fett, davon gesättigte Fettsäuren","value":"18 g"},{"key":"Kohlenhydrate","value":"0 g"},{"key":"Kohlenhydrate, davon Zucker","value":"0 g"},{"key":"Ballaststoffe","value":"0 g"},{"key":"Eiweiß","value":"33 g"},{"key":"Salz","value":"0,6 g"},{"key":"Broteinheiten","value":"0 BE"}],"tags":["Gekühlt"]},
    {"url":"https://www.interspar.at/shop/lebensmittel/p/3150184","data":[{"key":"price","value":"0,49 €"},{"key":"oldPrice","value":"\n\t\t\t\t\t\n\t\t\t\t\t \n\t\t\t\t"},{"key":"pricePerUnit","value":"(3.27 €/kg)"},{"key":"productDetailsName","value":"Schärdinger Bifidus - Joghurt Natur - 150 G"},{"key":"detailsDescription","value":"150 G"},{"key":"articleNumber","value":"Artikelnummer: 3150184"},{"key":"Lagerhinweis:","value":["Gekühlt (+ 3°C bis + 6°C) lagern."]},{"key":"Zutaten:","value":["Zutaten: JOGHURT, 2% Inulin. In Großbuchstaben angegebene Zutaten enthalten allergene Inhaltsstoffe."]},{"key":"Allergene:","value":["Enthält:Milch und daraus gewonnene Erzeugnisse (inkl. Laktose)"]},{"key":"Identitätskennzeichen:","value":["AT 30751 EG"]},{"key":"Kontakt:","value":["Berglandmilch eGen","Schubertstraße 30, 4600 Wels, Österreich"]}],"nutritions":[{"key":"","value":"Unzubereitet"},{"key":" ","value":"100 g"},{"key":"Energie","value":"271 kJ | 65 kcal"},{"key":"Fett","value":"3,2 g"},{"key":"Fett, davon gesättigte Fettsäuren","value":"2,1 g"},{"key":"Kohlenhydrate","value":"3,9 g"},{"key":"Kohlenhydrate, davon Zucker","value":"3,9 g"},{"key":"Ballaststoffe","value":"1,8 g"},{"key":"Eiweiß","value":"4,2 g"},{"key":"Salz","value":"0,12 g"},{"key":"Kalzium","value":"120 mg | 15 %"}],"tags":[]},
    {"url":"https://www.interspar.at/shop/lebensmittel/p/318136","data":[{"key":"price","value":"1,35 €"},{"key":"oldPrice","value":"\n\t\t\t\t\t\n\t\t\t\t\t \n\t\t\t\t"},{"key":"pricePerUnit","value":"(6.75 €/kg)"},{"key":"productDetailsName","value":"Feinkost Spak - Liptauer mild - 200 G"},{"key":"detailsDescription","value":"200 G"},{"key":"articleNumber","value":"Artikelnummer: 318136"},{"key":"Lagerhinweis:","value":["Gekühlt lagern bei +2°C bis +6°C. Nach dem Öffnen innerhalb von 5 Tagen verbrauchen."]},{"key":"Zutaten:","value":["Zutaten: 36% SPEISETOPFEN 10% F.i.T., 22% Margarine [Palmfett, pflanzliche Öle (Rapsöl, Sonnenblumenöl), Trinkwasser, Speisesalz, Emulgatoren: Mono- und Diglyceride von Speisefettsäuren, Lecithine; Säuerungsmittel: Citronensäure], Trinkwasser, Gemüsezubereitung (Gurke, Zwiebel, Paprika, Weingeistessig, Speisesalz, Konservierungsstoff: Natriumbenzoat; Süßungsmittel: Saccharin), Rapsöl, Kapern, Weingeistessig, Speisesalz, SENFKORN, Tomatenmark, Zucker, Maisstärke, Aroma, modifizierte Stärke, Gewürze, Säuerungsmittel: Milchsäure; Konservierungsstoff: Kaliumsorbat; Verdickungsmittel: Johannisbrotkernmehl, Guarkernmehl, Xanthan, Agar-Agar. In Großbuchstaben angegebene Zutaten enthalten allergene Inhaltsstoffe."]},{"key":"Allergene:","value":["Enthält:Milch und daraus gewonnene Erzeugnisse (inkl. Laktose), Senf und daraus gewonnene Erzeugnisse"]},{"key":"Verbrauchen nach dem Öffnen:","value":["5 Tage"]},{"key":"Kontakt:","value":["SP Feinkost Vertriebs GmbH","Laxenburgerstraße 365, 1230 Wien, Österreich"]}],"nutritions":[{"key":"","value":"Unzubereitet"},{"key":" ","value":"100 g"},{"key":"Energie","value":"1110 kJ | 269 kcal"},{"key":"Fett","value":"25 g"},{"key":"Fett, davon gesättigte Fettsäuren","value":"11 g"},{"key":"Kohlenhydrate","value":"5 g"},{"key":"Kohlenhydrate, davon Zucker","value":"2,8 g"},{"key":"Eiweiß","value":"5,6 g"},{"key":"Salz","value":"0,5 g"}],"tags":["Gekühlt","Glutenfrei"]},
    {"url":"https://www.interspar.at/shop/lebensmittel/p/320962","data":[{"key":"price","value":"1,35 €"},{"key":"oldPrice","value":"\n\t\t\t\t\t\n\t\t\t\t\t \n\t\t\t\t"},{"key":"pricePerUnit","value":"(6.75 €/kg)"},{"key":"productDetailsName","value":"Feinkost Spak - Zigeuner Scharfer - 200 G"},{"key":"detailsDescription","value":"200 G"},{"key":"articleNumber","value":"Artikelnummer: 320962"},{"key":"Lagerhinweis:","value":["Gekühlt lagern bei +2°C bis +6°C. Nach dem Öffnen innerhalb von 5 Tagen verbrauchen."]},{"key":"Zutaten:","value":["Zutaten: 43% SPEISETOPFEN 10% F.i.T., 18% Margarine [Palmfett, pflanzliche Öle (Rapsöl, Sonnenblumenöl), Trinkwasser, Speisesalz, Emulgatoren: Mono- und Diglyceride von Speisefettsäuren, Lecithine; Säuerungsmittel: Citronensäure], Gemüsezubereitung (Zwiebel, Gurke, Paprika, Weingeistessig, , Speisesalz, Konservierungsstoff: Natriumbenzoat; Süßungsmittel: Saccharin), Trinkwasser, Rapsöl, SENFKORN, Weingeistessig, Zucker, Tomatenmark, Maisstärke, Speisegelatine, Gewürze, Kapern, Knoblauch, modifizierte Stärke, Aroma, Säuerungsmittel: Milchsäure; Konservierungsstoff: Kaliumsorbat; Verdickungsmittel: Johannisbrotkernmehl, Guarkernmehl, Xanthan, Agar-Agar. In Großbuchstaben angegebene Zutaten enthalten allergene Inhaltsstoffe."]},{"key":"Allergene:","value":["Enthält:Milch und daraus gewonnene Erzeugnisse (inkl. Laktose), Senf und daraus gewonnene Erzeugnisse"]},{"key":"Verbrauchen nach dem Öffnen:","value":["5 Tage"]},{"key":"Kontakt:","value":["SP Feinkost Vertriebs GmbH","Laxenburgerstraße 365, 1230 Wien, Österreich"]}],"nutritions":[{"key":"","value":"Unzubereitet"},{"key":" ","value":"100 g"},{"key":"Energie","value":"972 kJ | 235 kcal"},{"key":"Fett","value":"21 g"},{"key":"Fett, davon gesättigte Fettsäuren","value":"8,9 g"},{"key":"Kohlenhydrate","value":"4,5 g"},{"key":"Kohlenhydrate, davon Zucker","value":"2,7 g"},{"key":"Eiweiß","value":"6,7 g"},{"key":"Salz","value":"1,3 g"}],"tags":["Gekühlt","Glutenfrei"]},
    {"url":"https://www.interspar.at/shop/lebensmittel/p/3354612","data":[{"key":"price","value":"0,99 €"},{"key":"oldPrice","value":"\n\t\t\t\t\t\n\t\t\t\t\t \n\t\t\t\t"},{"key":"pricePerUnit","value":"(1.98 €/kg)"},{"key":"productDetailsName","value":"Schärdinger Bifidus - Joghurt Natur - 500 G"},{"key":"detailsDescription","value":"500 G"},{"key":"articleNumber","value":"Artikelnummer: 3354612"},{"key":"Lagerhinweis:","value":["Vor und nach dem Öffnen gekühlt (+3 - 6°C) lagern. Nach dem Öffnen innerhalb weniger Tage verbrauchen."]},{"key":"Zutaten:","value":["Zutaten: JOGHURT, 2% Inulin. In Großbuchstaben angegebene Zutaten enthalten allergene Inhaltsstoffe."]},{"key":"Allergene:","value":["Enthält:Milch und daraus gewonnene Erzeugnisse (inkl. Laktose)"]},{"key":"Identitätskennzeichen:","value":["AT 30751 EG"]},{"key":"Kontakt:","value":["Berglandmilch eGen","Schubertstraße 30, 4600 Wels, Österreich"]}],"nutritions":[{"key":"","value":"Unzubereitet"},{"key":" ","value":"100 g"},{"key":"Energie","value":"271 kJ | 65 kcal"},{"key":"Fett","value":"3,2 g"},{"key":"Fett, davon gesättigte Fettsäuren","value":"2,1 g"},{"key":"Kohlenhydrate","value":"3,9 g"},{"key":"Kohlenhydrate, davon Zucker","value":"3,9 g"},{"key":"Ballaststoffe","value":"1,8 g"},{"key":"Eiweiß","value":"4,2 g"},{"key":"Salz","value":"0,12 g"},{"key":"Kalzium","value":"120 mg | 15 %"}],"tags":[]},
    {"url":"https://www.interspar.at/shop/lebensmittel/p/3721643","data":[{"key":"price","value":"1,35 €"},{"key":"oldPrice","value":"\n\t\t\t\t\t\n\t\t\t\t\t \n\t\t\t\t"},{"key":"pricePerUnit","value":"(6.75 €/kg)"},{"key":"productDetailsName","value":"Feinkost Spak - Brotaufstrich Kürbiskern - 200 G"},{"key":"detailsDescription","value":"200 G"},{"key":"articleNumber","value":"Artikelnummer: 3721643"},{"key":"Lagerhinweis:","value":["Gekühlt lagern bei + 2 °C bis + 6 °C. Nach dem Öffnen innerhalb von 5 Tagen verbrauchen."]},{"key":"Zutaten:","value":["Zutaten: 44% TOPFEN 10% F.i.T., 19% Margarine [Palmfett, pflanzliche Öle (Rapsöl, Sonnenblumenöl), Trinkwasser, Speisesalz, Emulgatoren: Mono- und Diglyceride von Speisefettsäuren, Lecithine*; Säuerungsmittel: Citronensäure], Trinkwasser, Rapsöl, 4% Kürbiskerne, 3% Kürbiskernöl, Weingeistessig, Speisesalz, SENFKORN, Zucker, Speisegelatine, Maisstärke, Gewürze, Säuerungsmittel: Milchsäure; Konservierungsstoff: Kaliumsorbat; Verdickungsmittel: Johannisbrotkernmehl, Guarkernmehl, Xanthan. *aus Sonnenblumen. In Großbuchstaben angegebene Zutaten enthalten allergene Inhaltsstoffe."]},{"key":"Allergene:","value":["Enthält:Milch und daraus gewonnene Erzeugnisse (inkl. Laktose), Senf und daraus gewonnene Erzeugnisse"]},{"key":"Verbrauchen nach dem Öffnen:","value":["5 Tage"]},{"key":"Kontakt:","value":["SP Feinkost Vertriebs GmbH","Laxenburgerstraße 365, 1230 Wien, Österreich"]}],"nutritions":[{"key":"","value":"Unzubereitet"},{"key":" ","value":"100 g"},{"key":"Energie","value":"1261 kJ | 305 kcal"},{"key":"Fett","value":"28 g"},{"key":"Fett, davon gesättigte Fettsäuren","value":"10 g"},{"key":"Kohlenhydrate","value":"5,2 g"},{"key":"Kohlenhydrate, davon Zucker","value":"3,4 g"},{"key":"Ballaststoffe","value":"0,5 g"},{"key":"Eiweiß","value":"7,8 g"},{"key":"Salz","value":"1,7 g"},{"key":"Broteinheiten","value":"0,4 BE"}],"tags":["Gekühlt","Glutenfrei"]},
    {"url":"https://www.interspar.at/shop/lebensmittel/p/4289050","data":[{"key":"price","value":"1,35 €"},{"key":"oldPrice","value":"\n\t\t\t\t\t\n\t\t\t\t\t \n\t\t\t\t"},{"key":"pricePerUnit","value":"(6.75 €/kg)"},{"key":"productDetailsName","value":"Feinkost Spak - Liptauer scharf - 200 G"},{"key":"detailsDescription","value":"200 G"},{"key":"articleNumber","value":"Artikelnummer: 4289050"},{"key":"Lagerhinweis:","value":["Gekühlt lagern bei +2°C bis +6°C. Nach dem Öffnen innerhalb von 5 Tagen verbrauchen."]},{"key":"Zutaten:","value":["Zutaten: 43% SPEISETOPFEN 10% F.i.T., 17% Margarine [Palmfett, pflanzliche Öle (Rapsöl, Sonnenblumenöl), Trinkwasser, Speisesalz, Emulgatoren: Mono- und Diglyceride von Speisefettsäuren, Lecithine; Säuerungsmittel: Citronensäure], 13% Gemüsezubereitung (Paprika, Zwiebel, Gurke, Konservierungsstoff: Natriumbenzoat; Süßungsmittel: Saccharin), Trinkwasser, Rapsöl, Kapern, Knoblauch, SENFKORN, Weingeistessig, Speisesalz, Zucker, Tomatenmark, Maisstärke, Gewürze, modifizierte Stärke, Aroma, Säuerungsmittel: Milchsäure; Konservierungsstoff: Kaliumsorbat; Verdickungsmittel: Johannisbrotkernmehl, Guarkernmehl, Xanthan, Agar-Agar. In Großbuchstaben angegebene Zutaten enthalten allergene Inhaltsstoffe."]},{"key":"Allergene:","value":["Enthält:Milch und daraus gewonnene Erzeugnisse (inkl. Laktose), Senf und daraus gewonnene Erzeugnisse"]},{"key":"Verbrauchen nach dem Öffnen:","value":["5 Tage"]},{"key":"Kontakt:","value":["SP Feinkost Vertriebs GmbH","Laxenburgerstraße 365, 1230 Wien, Österreich"]}],"nutritions":[{"key":"","value":"Unzubereitet"},{"key":" ","value":"100 g"},{"key":"Energie","value":"972 kJ | 235 kcal"},{"key":"Fett","value":"21 g"},{"key":"Fett, davon gesättigte Fettsäuren","value":"8,9 g"},{"key":"Kohlenhydrate","value":"4,5 g"},{"key":"Kohlenhydrate, davon Zucker","value":"2,8 g"},{"key":"Eiweiß","value":"6,7 g"},{"key":"Salz","value":"1,3 g"}],"tags":["Gekühlt","Glutenfrei"]},
    {"url":"https://www.interspar.at/shop/lebensmittel/p/4681588","data":[{"key":"price","value":"1,65 €"},{"key":"oldPrice","value":"\n\t\t\t\t\t\n\t\t\t\t\t \n\t\t\t\t"},{"key":"pricePerUnit","value":"(11.00 €/kg)"},{"key":"productDetailsName","value":"Feinkost Spak - Tramezzini Ei & Schnittlauch - 150 G"},{"key":"detailsDescription","value":"150 G"},{"key":"articleNumber","value":"Artikelnummer: 4681588"},{"key":"Lagerhinweis:","value":["Gekühlt lagern bei +2°C bis +6°C. Nach dem Öffnen innerhalb von 5 Tagen verbrauchen."]},{"key":"Zutaten:","value":["Zutaten: 32% HÜHNEREIEIWEISS gekocht, 21% EIER gekocht, Rapsöl, Trinkwasser, Zucker, Weingeistessig, Speisesalz, 1% EIGELB, SENFKORN, 1% Schnittlauch, Speisegelatine, Gewürze, Zwiebel, modifizierte Stärke, Verdickungsmittel: Xanthan, Guarkernmehl, Johannisbrotkernmehr; Säuerungsmittel: Milchsäure; Konservierungsstoff: Kaliumsorbat; Farbstoff: Beta-Carotin. In Großbuchstaben angegebene Zutaten enthalten allergene Inhaltsstoffe."]},{"key":"Allergene:","value":["Enthält:Eier und daraus gewonnene Erzeugnisse, Senf und daraus gewonnene Erzeugnisse"]},{"key":"Verbrauchen nach dem Öffnen:","value":["5 Tage"]},{"key":"Kontakt:","value":["SP Feinkost Vertriebs GmbH","Laxenburgerstraße 365, 1230 Wien, Österreich"]}],"nutritions":[{"key":"","value":"Unzubereitet"},{"key":" ","value":"100 g"},{"key":"Energie","value":"966 kJ | 234 kcal"},{"key":"Fett","value":"21 g"},{"key":"Fett, davon gesättigte Fettsäuren","value":"2,3 g"},{"key":"Kohlenhydrate","value":"3,8 g"},{"key":"Kohlenhydrate, davon Zucker","value":"3,3 g"},{"key":"Eiweiß","value":"7 g"},{"key":"Salz","value":"1,5 g"}],"tags":["Glutenfrei"]},
    {"url":"https://www.interspar.at/shop/lebensmittel/p/893657","data":[{"key":"price","value":"0,49 €"},{"key":"oldPrice","value":"\n\t\t\t\t\t\n\t\t\t\t\tstatt 0,99 €\n\t\t\t\t"},{"key":"pricePerUnit","value":"(2.58 €/kg)"},{"key":"productDetailsName","value":"Danone Obstgarten - Pfirsich-Maracuja - 190 G"},{"key":"detailsDescription","value":"190 G"},{"key":"articleNumber","value":"Artikelnummer: 893657"},{"key":"Lagerhinweis:","value":["Kühl bei maximal +8°C lagern."]},{"key":"Zutaten:","value":["Zutaten: MAGERMILCHJOGHURT, 30% FRISCHKÄSE, SCHLAGSAHNE, 8% Pfirsiche, Glucose-Fruktosesirup, Zucker, 1% Maracujasaft aus Maracujasaftkonzentrat, Speisegelatine, modifizierte Stärke, Verdickungsmittel Guarkernmehl und Pektin, färbende Konzentrate (Karotte und Kürbis), Aroma. In Großbuchstaben angegebene Zutaten enthalten allergene Inhaltsstoffe."]},{"key":"Allergene:","value":["Enthält:Milch und daraus gewonnene Erzeugnisse (inkl. Laktose)"]},{"key":"Identitätskennzeichen:","value":["DE BY-119 EG"]},{"key":"Kontakt:","value":["Danone GmbH","Technologiestraße 10, 1120 Wien, Österreich"]}],"nutritions":[{"key":"","value":"Unzubereitet"},{"key":" ","value":"100 g"},{"key":"Energie","value":"515 kJ | 122 kcal | 6 %"},{"key":"Fett","value":"4,1 g | 6 %"},{"key":"Fett, davon gesättigte Fettsäuren","value":"2,6 g | 13 %"},{"key":"Kohlenhydrate","value":"16,4 g | 6 %"},{"key":"Kohlenhydrate, davon Zucker","value":"14,6 g | 16 %"},{"key":"Eiweiß","value":"4,8 g | 10 %"},{"key":"Salz","value":"0,15 g | 2 %"}],"tags":[]},
    {"url":"https://www.interspar.at/shop/lebensmittel/p/2020001310197","data":[{"key":"price","value":"1,10 €"},{"key":"oldPrice","value":"\n\t\t\t\t\t\n\t\t\t\t\t \n\t\t\t\t"},{"key":"pricePerUnit","value":"(21.90 €/kg)"},{"key":"productDetailsName","value":"SPAR PREMIUM - Grana Padano riserva D.O.P. - 1 KG"},{"key":"detailsDescription","value":"1 KG"},{"key":"articleNumber","value":"Artikelnummer: 2020001310197"},{"key":"Lagerhinweis:","value":["Zwischen +4°C und +8°C gekühlt lagern."]},{"key":"Zutaten:","value":["Zutaten: ROHMILCH, Salz unjodiert, tierisches Lab, Konservierungsstoff Lysozym (EI). In Großbuchstaben angegebene Zutaten enthalten allergene Inhaltsstoffe."]},{"key":"Allergene:","value":["Enthält:Eier und daraus gewonnene Erzeugnisse, Milch und daraus gewonnene Erzeugnisse (inkl. Laktose)"]},{"key":"Identitätskennzeichen:","value":["IT 03 642 CE"]},{"key":"Zusatztext:","value":["20 Monate gereift"]},{"key":"Ursprungsland/Herkunftsort:","value":["Sorgfältig hergestellt in Italien"]},{"key":"Kontakt:","value":["SPAR Österr. Warenhandels-AG","Europastraße 3, 5015 Salzburg, Österreich","office@spar.at"]}],"nutritions":[{"key":"","value":"Unzubereitet"},{"key":" ","value":"100 g"},{"key":"Energie","value":"1654 kJ | 398 kcal"},{"key":"Fett","value":"29 g"},{"key":"Fett, davon gesättigte Fettsäuren","value":"18 g"},{"key":"Kohlenhydrate","value":"0 g"},{"key":"Kohlenhydrate, davon Zucker","value":"0 g"},{"key":"Ballaststoffe","value":"0 g"},{"key":"Eiweiß","value":"33 g"},{"key":"Salz","value":"1,5 g"},{"key":"Broteinheiten","value":"0 BE"}],"tags":["Gekühlt"]},
    {"url":"https://www.interspar.at/shop/lebensmittel/p/2020001313709","data":[{"key":"price","value":"1,60 €"},{"key":"oldPrice","value":"\n\t\t\t\t\t\n\t\t\t\t\t \n\t\t\t\t"},{"key":"pricePerUnit","value":"(31.90 €/kg)"},{"key":"productDetailsName","value":"SPAR PREMIUM - Parmigiano Reggiano riserva D.O.P. - 1 KG"},{"key":"detailsDescription","value":"1 KG"},{"key":"articleNumber","value":"Artikelnummer: 2020001313709"},{"key":"Lagerhinweis:","value":["Gekühlt zwischen +4°C und +8°C lagern."]},{"key":"Zutaten:","value":["Zutaten: ROHMILCH, Speisesalz unjodiert, tierisches Lab. In Großbuchstaben angegebene Zutaten enthalten allergene Inhaltsstoffe."]},{"key":"Allergene:","value":["Enthält:Milch und daraus gewonnene Erzeugnisse (inkl. Laktose)"]},{"key":"Identitätskennzeichen:","value":["IT 08 040 CE"]},{"key":"Zusatztext:","value":["30 Monate gereift"]},{"key":"Ursprungsland/Herkunftsort:","value":["Sorgfältig hergestellt in Italien"]},{"key":"Kontakt:","value":["SPAR Österr. Warenhandels-AG","Europastraße 3, 5015 Salzburg, Österreich","office@spar.at"]}],"nutritions":[{"key":"","value":"Unzubereitet"},{"key":" ","value":"100 g"},{"key":"Energie","value":"1671 kJ | 402 kcal"},{"key":"Fett","value":"30 g"},{"key":"Fett, davon gesättigte Fettsäuren","value":"20 g"},{"key":"Kohlenhydrate","value":"0 g"},{"key":"Kohlenhydrate, davon Zucker","value":"0 g"},{"key":"Ballaststoffe","value":"0 g"},{"key":"Eiweiß","value":"32 g"},{"key":"Salz","value":"1,6 g"},{"key":"Broteinheiten","value":"0 BE"}],"tags":["Gekühlt"]},
    {"url":"https://www.interspar.at/shop/lebensmittel/p/3076460","data":[{"key":"price","value":"5,99 €"},{"key":"oldPrice","value":"\n\t\t\t\t\t\n\t\t\t\t\t \n\t\t\t\t"},{"key":"pricePerUnit","value":"(29.95 €/kg)"},{"key":"productDetailsName","value":"SPAR PREMIUM - Parmigiano Reggiano D.O.P. - 200 G"},{"key":"detailsDescription","value":"200 G"},{"key":"articleNumber","value":"Artikelnummer: 3076460"},{"key":"Lagerhinweis:","value":["Vor und nach dem Öffnen bei +4 °C bis +8°C lagern. Nach dem Öffnen innerhalb von 30 Tagen genießen."]},{"key":"Zutaten:","value":["Zutaten: MILCH, Salz, tierisches Lab. In Großbuchstaben angegebene Zutaten enthalten allergene Inhaltsstoffe."]},{"key":"Allergene:","value":["Enthält:Milch und daraus gewonnene Erzeugnisse (inkl. Laktose)"]},{"key":"Identitätskennzeichen:","value":["IT 08040 CE"]},{"key":"Ursprungsland/Herkunftsort:","value":["Sorgfältig hergestellt in Italien"]},{"key":"Verbrauchen nach dem Öffnen:","value":["30 Tage"]},{"key":"Kontakt:","value":["SPAR Österr. Warenhandels-AG","Europastraße 3, 5015 Salzburg, Österreich"]}],"nutritions":[{"key":" ","value":"100 g"},{"key":"","value":"Unzubereitet"},{"key":"Energie","value":"1633 kJ | 392 kcal"},{"key":"Fett","value":"28 g"},{"key":"Fett, davon gesättigte Fettsäuren","value":"19 g"},{"key":"Kohlenhydrate","value":"0 g"},{"key":"Kohlenhydrate, davon Zucker","value":"0 g"},{"key":"Ballaststoffe","value":"0 g"},{"key":"Eiweiß","value":"33 g"},{"key":"Salz","value":"1,6 g"},{"key":"Broteinheiten","value":"0 BE"}],"tags":["Gekühlt"]},
    {"url":"https://www.interspar.at/shop/lebensmittel/p/4842477","data":[{"key":"price","value":"8,95 €"},{"key":"oldPrice","value":"\n\t\t\t\t\t\n\t\t\t\t\t \n\t\t\t\t"},{"key":"pricePerUnit","value":"(19.90 €/kg)"},{"key":"productDetailsName","value":"SPAR PREMIUM - Grana Padano D.O.P - 1 KG"},{"key":"detailsDescription","value":"1 KG"},{"key":"articleNumber","value":"Artikelnummer: 4842477"},{"key":"Lagerhinweis:","value":["Vor und nach dem Öffnen gekühlt lagern und nach dem Öffnen innerhalb von 3 Wochen verzehren."]},{"key":"Zutaten:","value":["Zutaten: MILCH, Speisesalz, tierisches Lab, Konservierungsstoff: Lysozym (aus EI). In Großbuchstaben angegebene Zutaten enthalten allergene Inhaltsstoffe."]},{"key":"Allergene:","value":["Enthält:Eier und daraus gewonnene Erzeugnisse, Milch und daraus gewonnene Erzeugnisse (inkl. Laktose)"]},{"key":"Identitätskennzeichen:","value":["IT 08 161 CE"]},{"key":"Zusatztext:","value":["20 Monate gereift"]},{"key":"Ursprungsland/Herkunftsort:","value":["Sorgfältig hergestellt in Italien"]},{"key":"Verbrauchen nach dem Öffnen:","value":["21 Tage"]},{"key":"Kontakt:","value":["SPAR Österr. Warenhandels-AG","Europastraße 3, 5015 Salzburg, Österreich"]}],"nutritions":[{"key":" ","value":"100 g"},{"key":"","value":"Unzubereitet"},{"key":"Energie","value":"1597 kJ | 384 kcal"},{"key":"Fett","value":"28 g"},{"key":"Fett, davon gesättigte Fettsäuren","value":"18 g"},{"key":"Kohlenhydrate","value":"0 g"},{"key":"Kohlenhydrate, davon Zucker","value":"0 g"},{"key":"Ballaststoffe","value":"0 g"},{"key":"Eiweiß","value":"33 g"},{"key":"Salz","value":"0,6 g"},{"key":"Broteinheiten","value":"0 BE"}],"tags":["Gekühlt"]},
    {"url":"https://www.interspar.at/shop/lebensmittel/p/3150184","data":[{"key":"price","value":"0,49 €"},{"key":"oldPrice","value":"\n\t\t\t\t\t\n\t\t\t\t\t \n\t\t\t\t"},{"key":"pricePerUnit","value":"(3.27 €/kg)"},{"key":"productDetailsName","value":"Schärdinger Bifidus - Joghurt Natur - 150 G"},{"key":"detailsDescription","value":"150 G"},{"key":"articleNumber","value":"Artikelnummer: 3150184"},{"key":"Lagerhinweis:","value":["Gekühlt (+ 3°C bis + 6°C) lagern."]},{"key":"Zutaten:","value":["Zutaten: JOGHURT, 2% Inulin. In Großbuchstaben angegebene Zutaten enthalten allergene Inhaltsstoffe."]},{"key":"Allergene:","value":["Enthält:Milch und daraus gewonnene Erzeugnisse (inkl. Laktose)"]},{"key":"Identitätskennzeichen:","value":["AT 30751 EG"]},{"key":"Kontakt:","value":["Berglandmilch eGen","Schubertstraße 30, 4600 Wels, Österreich"]}],"nutritions":[{"key":"","value":"Unzubereitet"},{"key":" ","value":"100 g"},{"key":"Energie","value":"271 kJ | 65 kcal"},{"key":"Fett","value":"3,2 g"},{"key":"Fett, davon gesättigte Fettsäuren","value":"2,1 g"},{"key":"Kohlenhydrate","value":"3,9 g"},{"key":"Kohlenhydrate, davon Zucker","value":"3,9 g"},{"key":"Ballaststoffe","value":"1,8 g"},{"key":"Eiweiß","value":"4,2 g"},{"key":"Salz","value":"0,12 g"},{"key":"Kalzium","value":"120 mg | 15 %"}],"tags":[]},
    {"url":"https://www.interspar.at/shop/lebensmittel/p/318136","data":[{"key":"price","value":"1,35 €"},{"key":"oldPrice","value":"\n\t\t\t\t\t\n\t\t\t\t\t \n\t\t\t\t"},{"key":"pricePerUnit","value":"(6.75 €/kg)"},{"key":"productDetailsName","value":"Feinkost Spak - Liptauer mild - 200 G"},{"key":"detailsDescription","value":"200 G"},{"key":"articleNumber","value":"Artikelnummer: 318136"},{"key":"Lagerhinweis:","value":["Gekühlt lagern bei +2°C bis +6°C. Nach dem Öffnen innerhalb von 5 Tagen verbrauchen."]},{"key":"Zutaten:","value":["Zutaten: 36% SPEISETOPFEN 10% F.i.T., 22% Margarine [Palmfett, pflanzliche Öle (Rapsöl, Sonnenblumenöl), Trinkwasser, Speisesalz, Emulgatoren: Mono- und Diglyceride von Speisefettsäuren, Lecithine; Säuerungsmittel: Citronensäure], Trinkwasser, Gemüsezubereitung (Gurke, Zwiebel, Paprika, Weingeistessig, Speisesalz, Konservierungsstoff: Natriumbenzoat; Süßungsmittel: Saccharin), Rapsöl, Kapern, Weingeistessig, Speisesalz, SENFKORN, Tomatenmark, Zucker, Maisstärke, Aroma, modifizierte Stärke, Gewürze, Säuerungsmittel: Milchsäure; Konservierungsstoff: Kaliumsorbat; Verdickungsmittel: Johannisbrotkernmehl, Guarkernmehl, Xanthan, Agar-Agar. In Großbuchstaben angegebene Zutaten enthalten allergene Inhaltsstoffe."]},{"key":"Allergene:","value":["Enthält:Milch und daraus gewonnene Erzeugnisse (inkl. Laktose), Senf und daraus gewonnene Erzeugnisse"]},{"key":"Verbrauchen nach dem Öffnen:","value":["5 Tage"]},{"key":"Kontakt:","value":["SP Feinkost Vertriebs GmbH","Laxenburgerstraße 365, 1230 Wien, Österreich"]}],"nutritions":[{"key":"","value":"Unzubereitet"},{"key":" ","value":"100 g"},{"key":"Energie","value":"1110 kJ | 269 kcal"},{"key":"Fett","value":"25 g"},{"key":"Fett, davon gesättigte Fettsäuren","value":"11 g"},{"key":"Kohlenhydrate","value":"5 g"},{"key":"Kohlenhydrate, davon Zucker","value":"2,8 g"},{"key":"Eiweiß","value":"5,6 g"},{"key":"Salz","value":"0,5 g"}],"tags":["Gekühlt","Glutenfrei"]},
    {"url":"https://www.interspar.at/shop/lebensmittel/p/320962","data":[{"key":"price","value":"1,35 €"},{"key":"oldPrice","value":"\n\t\t\t\t\t\n\t\t\t\t\t \n\t\t\t\t"},{"key":"pricePerUnit","value":"(6.75 €/kg)"},{"key":"productDetailsName","value":"Feinkost Spak - Zigeuner Scharfer - 200 G"},{"key":"detailsDescription","value":"200 G"},{"key":"articleNumber","value":"Artikelnummer: 320962"},{"key":"Lagerhinweis:","value":["Gekühlt lagern bei +2°C bis +6°C. Nach dem Öffnen innerhalb von 5 Tagen verbrauchen."]},{"key":"Zutaten:","value":["Zutaten: 43% SPEISETOPFEN 10% F.i.T., 18% Margarine [Palmfett, pflanzliche Öle (Rapsöl, Sonnenblumenöl), Trinkwasser, Speisesalz, Emulgatoren: Mono- und Diglyceride von Speisefettsäuren, Lecithine; Säuerungsmittel: Citronensäure], Gemüsezubereitung (Zwiebel, Gurke, Paprika, Weingeistessig, , Speisesalz, Konservierungsstoff: Natriumbenzoat; Süßungsmittel: Saccharin), Trinkwasser, Rapsöl, SENFKORN, Weingeistessig, Zucker, Tomatenmark, Maisstärke, Speisegelatine, Gewürze, Kapern, Knoblauch, modifizierte Stärke, Aroma, Säuerungsmittel: Milchsäure; Konservierungsstoff: Kaliumsorbat; Verdickungsmittel: Johannisbrotkernmehl, Guarkernmehl, Xanthan, Agar-Agar. In Großbuchstaben angegebene Zutaten enthalten allergene Inhaltsstoffe."]},{"key":"Allergene:","value":["Enthält:Milch und daraus gewonnene Erzeugnisse (inkl. Laktose), Senf und daraus gewonnene Erzeugnisse"]},{"key":"Verbrauchen nach dem Öffnen:","value":["5 Tage"]},{"key":"Kontakt:","value":["SP Feinkost Vertriebs GmbH","Laxenburgerstraße 365, 1230 Wien, Österreich"]}],"nutritions":[{"key":"","value":"Unzubereitet"},{"key":" ","value":"100 g"},{"key":"Energie","value":"972 kJ | 235 kcal"},{"key":"Fett","value":"21 g"},{"key":"Fett, davon gesättigte Fettsäuren","value":"8,9 g"},{"key":"Kohlenhydrate","value":"4,5 g"},{"key":"Kohlenhydrate, davon Zucker","value":"2,7 g"},{"key":"Eiweiß","value":"6,7 g"},{"key":"Salz","value":"1,3 g"}],"tags":["Gekühlt","Glutenfrei"]},
    {"url":"https://www.interspar.at/shop/lebensmittel/p/3354612","data":[{"key":"price","value":"0,99 €"},{"key":"oldPrice","value":"\n\t\t\t\t\t\n\t\t\t\t\t \n\t\t\t\t"},{"key":"pricePerUnit","value":"(1.98 €/kg)"},{"key":"productDetailsName","value":"Schärdinger Bifidus - Joghurt Natur - 500 G"},{"key":"detailsDescription","value":"500 G"},{"key":"articleNumber","value":"Artikelnummer: 3354612"},{"key":"Lagerhinweis:","value":["Vor und nach dem Öffnen gekühlt (+3 - 6°C) lagern. Nach dem Öffnen innerhalb weniger Tage verbrauchen."]},{"key":"Zutaten:","value":["Zutaten: JOGHURT, 2% Inulin. In Großbuchstaben angegebene Zutaten enthalten allergene Inhaltsstoffe."]},{"key":"Allergene:","value":["Enthält:Milch und daraus gewonnene Erzeugnisse (inkl. Laktose)"]},{"key":"Identitätskennzeichen:","value":["AT 30751 EG"]},{"key":"Kontakt:","value":["Berglandmilch eGen","Schubertstraße 30, 4600 Wels, Österreich"]}],"nutritions":[{"key":"","value":"Unzubereitet"},{"key":" ","value":"100 g"},{"key":"Energie","value":"271 kJ | 65 kcal"},{"key":"Fett","value":"3,2 g"},{"key":"Fett, davon gesättigte Fettsäuren","value":"2,1 g"},{"key":"Kohlenhydrate","value":"3,9 g"},{"key":"Kohlenhydrate, davon Zucker","value":"3,9 g"},{"key":"Ballaststoffe","value":"1,8 g"},{"key":"Eiweiß","value":"4,2 g"},{"key":"Salz","value":"0,12 g"},{"key":"Kalzium","value":"120 mg | 15 %"}],"tags":[]},
    {"url":"https://www.interspar.at/shop/lebensmittel/p/3721643","data":[{"key":"price","value":"1,35 €"},{"key":"oldPrice","value":"\n\t\t\t\t\t\n\t\t\t\t\t \n\t\t\t\t"},{"key":"pricePerUnit","value":"(6.75 €/kg)"},{"key":"productDetailsName","value":"Feinkost Spak - Brotaufstrich Kürbiskern - 200 G"},{"key":"detailsDescription","value":"200 G"},{"key":"articleNumber","value":"Artikelnummer: 3721643"},{"key":"Lagerhinweis:","value":["Gekühlt lagern bei + 2 °C bis + 6 °C. Nach dem Öffnen innerhalb von 5 Tagen verbrauchen."]},{"key":"Zutaten:","value":["Zutaten: 44% TOPFEN 10% F.i.T., 19% Margarine [Palmfett, pflanzliche Öle (Rapsöl, Sonnenblumenöl), Trinkwasser, Speisesalz, Emulgatoren: Mono- und Diglyceride von Speisefettsäuren, Lecithine*; Säuerungsmittel: Citronensäure], Trinkwasser, Rapsöl, 4% Kürbiskerne, 3% Kürbiskernöl, Weingeistessig, Speisesalz, SENFKORN, Zucker, Speisegelatine, Maisstärke, Gewürze, Säuerungsmittel: Milchsäure; Konservierungsstoff: Kaliumsorbat; Verdickungsmittel: Johannisbrotkernmehl, Guarkernmehl, Xanthan. *aus Sonnenblumen. In Großbuchstaben angegebene Zutaten enthalten allergene Inhaltsstoffe."]},{"key":"Allergene:","value":["Enthält:Milch und daraus gewonnene Erzeugnisse (inkl. Laktose), Senf und daraus gewonnene Erzeugnisse"]},{"key":"Verbrauchen nach dem Öffnen:","value":["5 Tage"]},{"key":"Kontakt:","value":["SP Feinkost Vertriebs GmbH","Laxenburgerstraße 365, 1230 Wien, Österreich"]}],"nutritions":[{"key":"","value":"Unzubereitet"},{"key":" ","value":"100 g"},{"key":"Energie","value":"1261 kJ | 305 kcal"},{"key":"Fett","value":"28 g"},{"key":"Fett, davon gesättigte Fettsäuren","value":"10 g"},{"key":"Kohlenhydrate","value":"5,2 g"},{"key":"Kohlenhydrate, davon Zucker","value":"3,4 g"},{"key":"Ballaststoffe","value":"0,5 g"},{"key":"Eiweiß","value":"7,8 g"},{"key":"Salz","value":"1,7 g"},{"key":"Broteinheiten","value":"0,4 BE"}],"tags":["Gekühlt","Glutenfrei"]},
    {"url":"https://www.interspar.at/shop/lebensmittel/p/4289050","data":[{"key":"price","value":"1,35 €"},{"key":"oldPrice","value":"\n\t\t\t\t\t\n\t\t\t\t\t \n\t\t\t\t"},{"key":"pricePerUnit","value":"(6.75 €/kg)"},{"key":"productDetailsName","value":"Feinkost Spak - Liptauer scharf - 200 G"},{"key":"detailsDescription","value":"200 G"},{"key":"articleNumber","value":"Artikelnummer: 4289050"},{"key":"Lagerhinweis:","value":["Gekühlt lagern bei +2°C bis +6°C. Nach dem Öffnen innerhalb von 5 Tagen verbrauchen."]},{"key":"Zutaten:","value":["Zutaten: 43% SPEISETOPFEN 10% F.i.T., 17% Margarine [Palmfett, pflanzliche Öle (Rapsöl, Sonnenblumenöl), Trinkwasser, Speisesalz, Emulgatoren: Mono- und Diglyceride von Speisefettsäuren, Lecithine; Säuerungsmittel: Citronensäure], 13% Gemüsezubereitung (Paprika, Zwiebel, Gurke, Konservierungsstoff: Natriumbenzoat; Süßungsmittel: Saccharin), Trinkwasser, Rapsöl, Kapern, Knoblauch, SENFKORN, Weingeistessig, Speisesalz, Zucker, Tomatenmark, Maisstärke, Gewürze, modifizierte Stärke, Aroma, Säuerungsmittel: Milchsäure; Konservierungsstoff: Kaliumsorbat; Verdickungsmittel: Johannisbrotkernmehl, Guarkernmehl, Xanthan, Agar-Agar. In Großbuchstaben angegebene Zutaten enthalten allergene Inhaltsstoffe."]},{"key":"Allergene:","value":["Enthält:Milch und daraus gewonnene Erzeugnisse (inkl. Laktose), Senf und daraus gewonnene Erzeugnisse"]},{"key":"Verbrauchen nach dem Öffnen:","value":["5 Tage"]},{"key":"Kontakt:","value":["SP Feinkost Vertriebs GmbH","Laxenburgerstraße 365, 1230 Wien, Österreich"]}],"nutritions":[{"key":"","value":"Unzubereitet"},{"key":" ","value":"100 g"},{"key":"Energie","value":"972 kJ | 235 kcal"},{"key":"Fett","value":"21 g"},{"key":"Fett, davon gesättigte Fettsäuren","value":"8,9 g"},{"key":"Kohlenhydrate","value":"4,5 g"},{"key":"Kohlenhydrate, davon Zucker","value":"2,8 g"},{"key":"Eiweiß","value":"6,7 g"},{"key":"Salz","value":"1,3 g"}],"tags":["Gekühlt","Glutenfrei"]},
    {"url":"https://www.interspar.at/shop/lebensmittel/p/4681588","data":[{"key":"price","value":"1,65 €"},{"key":"oldPrice","value":"\n\t\t\t\t\t\n\t\t\t\t\t \n\t\t\t\t"},{"key":"pricePerUnit","value":"(11.00 €/kg)"},{"key":"productDetailsName","value":"Feinkost Spak - Tramezzini Ei & Schnittlauch - 150 G"},{"key":"detailsDescription","value":"150 G"},{"key":"articleNumber","value":"Artikelnummer: 4681588"},{"key":"Lagerhinweis:","value":["Gekühlt lagern bei +2°C bis +6°C. Nach dem Öffnen innerhalb von 5 Tagen verbrauchen."]},{"key":"Zutaten:","value":["Zutaten: 32% HÜHNEREIEIWEISS gekocht, 21% EIER gekocht, Rapsöl, Trinkwasser, Zucker, Weingeistessig, Speisesalz, 1% EIGELB, SENFKORN, 1% Schnittlauch, Speisegelatine, Gewürze, Zwiebel, modifizierte Stärke, Verdickungsmittel: Xanthan, Guarkernmehl, Johannisbrotkernmehr; Säuerungsmittel: Milchsäure; Konservierungsstoff: Kaliumsorbat; Farbstoff: Beta-Carotin. In Großbuchstaben angegebene Zutaten enthalten allergene Inhaltsstoffe."]},{"key":"Allergene:","value":["Enthält:Eier und daraus gewonnene Erzeugnisse, Senf und daraus gewonnene Erzeugnisse"]},{"key":"Verbrauchen nach dem Öffnen:","value":["5 Tage"]},{"key":"Kontakt:","value":["SP Feinkost Vertriebs GmbH","Laxenburgerstraße 365, 1230 Wien, Österreich"]}],"nutritions":[{"key":"","value":"Unzubereitet"},{"key":" ","value":"100 g"},{"key":"Energie","value":"966 kJ | 234 kcal"},{"key":"Fett","value":"21 g"},{"key":"Fett, davon gesättigte Fettsäuren","value":"2,3 g"},{"key":"Kohlenhydrate","value":"3,8 g"},{"key":"Kohlenhydrate, davon Zucker","value":"3,3 g"},{"key":"Eiweiß","value":"7 g"},{"key":"Salz","value":"1,5 g"}],"tags":["Glutenfrei"]},
    {"url":"https://www.interspar.at/shop/lebensmittel/p/4681618","data":[{"key":"price","value":"1,65 €"},{"key":"oldPrice","value":"\n\t\t\t\t\t\n\t\t\t\t\t \n\t\t\t\t"},{"key":"pricePerUnit","value":"(11.00 €/kg)"},{"key":"productDetailsName","value":"Feinkost Spak - Brotaufstrich Bauernspeck - 150 G"},{"key":"detailsDescription","value":"150 G"},{"key":"articleNumber","value":"Artikelnummer: 4681618"},{"key":"Lagerhinweis:","value":["Gekühlt lagern bei +2°C bis +6°C. Nach dem Öffnen innerhalb von 5 Tagen verbrauchen."]},{"key":"Zutaten:","value":["Zutaten: 29% HÜHNEREIEIWEISS gekocht, 23% Speck (Schweineschulterfleisch, Trinkwasser, Speisesalz, Konservierungsstoff: Natriumnitrit; Dextrose, Maltodextrin, Kartoffelstärke, Stabilisator: Triphosphate; Verdickungsmittel: Carrageen; Gewürzextrakte, Antioxidationsmittel: Natriumisoascorbat), Rapsöl, Trinkwasser, Gemüsezubereitung (Paprika, Gurke, Zucker, Zwiebel, Weingeistessig, Süßungsmittel: Saccharin), Speisesalz, Rauch, SENFKORN, 1% EIGELB, Gewürze, Gewürzextrakte, Rapsöl gehärtet, Trockenglucosesirup, Speisewürze, modifizierte Stärke, Verdickungsmittel: Xanthan, Guarkernmehl, Johannisbrotkernmehl; Säuerungsmittel: Milchsäure; Konservierungsstoffe: Kaliumsorbat, Natriumbenzoat; Farbstoff: Beta-Carotin. In Großbuchstaben angegebene Zutaten enthalten allergene Inhaltsstoffe."]},{"key":"Allergene:","value":["Enthält:Eier und daraus gewonnene Erzeugnisse, Senf und daraus gewonnene Erzeugnisse"]},{"key":"Verbrauchen nach dem Öffnen:","value":["5 Tage"]},{"key":"Kontakt:","value":["SP Feinkost Vertriebs GmbH","Laxenburgerstraße 365, 1230 Wien, Österreich"]}],"nutritions":[{"key":"","value":"Unzubereitet"},{"key":" ","value":"100 g"},{"key":"Energie","value":"949 kJ | 229 kcal"},{"key":"Fett","value":"20 g"},{"key":"Fett, davon gesättigte Fettsäuren","value":"2,2 g"},{"key":"Kohlenhydrate","value":"4,6 g"},{"key":"Kohlenhydrate, davon Zucker","value":"3,2 g"},{"key":"Eiweiß","value":"7,3 g"},{"key":"Salz","value":"2,5 g"}],"tags":["Glutenfrei"]},
    {"url":"https://www.interspar.at/shop/lebensmittel/p/5644315","data":[{"key":"price","value":"1,65 €"},{"key":"oldPrice","value":"\n\t\t\t\t\t\n\t\t\t\t\t \n\t\t\t\t"},{"key":"pricePerUnit","value":"(11.00 €/kg)"},{"key":"productDetailsName","value":"Feinkost Spak - Brotaufstrich Beinschinken & Kren - 150 G"},{"key":"detailsDescription","value":"150 G"},{"key":"articleNumber","value":"Artikelnummer: 5644315"},{"key":"Lagerhinweis:","value":["Gekühlt lagern bei +2°C bis +6°C. Nach dem Öffnen innerhalb von 5 Tagen verbrauchen."]},{"key":"Zutaten:","value":["Zutaten: Rapsöl, Trinkwasser, 19% Beinschinken (Schweinefleisch, Trinkwasser, Stabilisator: Triphosphate; Maltodextrin, Verdickungsmittel: Carrageen; Citrusfaser, Speisesalz, Zucker, Antioxidationsmittel: Natriumascorbat; Gewürzextrakte, Konservierungsstoff: Natriumnitrit), 10% gekochtes HÜHNEREIEIWEISS, 8% gekochte EIER, 4% Krenzubereitung (Kren, Sonnenblumenöl, Antioxidationsmittel: KALIUMPYROSULFIT, Ascorbinsäure), Paprika, Zwiebel, Weingeistessig, Speisesalz, Gewürze, modifizierte Stärke, Speisegelatine, Kräuter, Zitronensaft aus Zitronensaftkonzentrat, SENFKORN, Konservierungsstoff: Kaliumsorbat; Säuerungsmittel: Milchsäure; Verdickungsmittel: Xanthan, Johannisbrotkernmehl, Guarkernmehl. In Großbuchstaben angegebene Zutaten enthalten allergene Inhaltsstoffe."]},{"key":"Allergene:","value":["Enthält:Eier und daraus gewonnene Erzeugnisse, Schwefeldioxid und Sulphite, Senf und daraus gewonnene Erzeugnisse"]},{"key":"Verbrauchen nach dem Öffnen:","value":["5 Tage"]},{"key":"Kontakt:","value":["SP Feinkost Vertriebs GmbH","Laxenburgerstraße 365, 1230 Wien, Österreich"]}],"nutritions":[{"key":"","value":"Unzubereitet"},{"key":" ","value":"100 g"},{"key":"Energie","value":"1157 kJ | 280 kcal"},{"key":"Fett","value":"25 g"},{"key":"Fett, davon gesättigte Fettsäuren","value":"2,6 g"},{"key":"Kohlenhydrate","value":"8,4 g"},{"key":"Kohlenhydrate, davon Zucker","value":"4,1 g"},{"key":"Eiweiß","value":"5,8 g"},{"key":"Salz","value":"3 g"}],"tags":["Glutenfrei"]},
    {"url":"https://www.interspar.at/shop/lebensmittel/p/7094521","data":[{"key":"price","value":"1,65 €"},{"key":"oldPrice","value":"\n\t\t\t\t\t\n\t\t\t\t\t \n\t\t\t\t"},{"key":"pricePerUnit","value":"(11.00 €/kg)"},{"key":"productDetailsName","value":"Feinkost Spak - Tramezzini Thunfisch & Paprika - 150 G"},{"key":"detailsDescription","value":"150 G"},{"key":"articleNumber","value":"Artikelnummer: 7094521"},{"key":"Lagerhinweis:","value":["Gekühlt lagern bei +2°C bis +6°C. Nach dem Öffnen innerhalb von 5 Tagen verbrauchen."]},{"key":"Zutaten:","value":["Zutaten: 22% THUNFISCH, Rapsöl, Trinkwasser, 11% HÜHNEREIEIWEISS gekocht, 9% Paprika, Zucker, Gurkenzubereitung (Gurke, Konservierungsstoff: Natriumbenzoat; Süßungsmittel: Saccharin), Weingeistessig, Zwiebel, Speisesalz, 1% EIGELB, SENFKORN, Tomatenmark, Speisegelatine, Gewürze, modifizierte Stärke, Verdickungsmittel: Xanthan, Guarkernmehl, Johannisbrotkernmehl, Agar-Agar; Säuerungsmittel: Milchsäure; Konservierungsstoff: Kaliumsorbat; Farbstoff: einfaches Zuckerkulör. In Großbuchstaben angegebene Zutaten enthalten allergene Inhaltsstoffe."]},{"key":"Allergene:","value":["Enthält:Eier und daraus gewonnene Erzeugnisse, Fische und daraus gewonnene Erzeugnisse, Senf und daraus gewonnene Erzeugnisse"]},{"key":"Verbrauchen nach dem Öffnen:","value":["5 Tage"]},{"key":"Kontakt:","value":["SP Feinkost Vertriebs GmbH","Laxenburgerstraße 365, 1230 Wien, Österreich"]}],"nutritions":[{"key":"","value":"Unzubereitet"},{"key":" ","value":"100 g"},{"key":"Energie","value":"1032 kJ | 249 kcal"},{"key":"Fett","value":"22 g"},{"key":"Fett, davon gesättigte Fettsäuren","value":"1,9 g"},{"key":"Kohlenhydrate","value":"4,8 g"},{"key":"Kohlenhydrate, davon Zucker","value":"3,9 g"},{"key":"Eiweiß","value":"7,5 g"},{"key":"Salz","value":"2,3 g"}],"tags":["Gekühlt","Glutenfrei"]},
    {"url":"https://www.interspar.at/shop/lebensmittel/p/2020001356607","data":[{"key":"price","value":"0,49 €"},{"key":"oldPrice","value":"\n\t\t\t\t\t\n\t\t\t\t\tstatt 0,99 €\n\t\t\t\t"},{"key":"pricePerUnit","value":"(2.58 €/kg)"},{"key":"productDetailsName","value":"Danone Obstgarten - Winterzeit Birne - 190 G"},{"key":"detailsDescription","value":"190 G"},{"key":"articleNumber","value":"Artikelnummer: 2020001356607"},{"key":"Lagerhinweis:","value":["Bei maximal +8 °C lagern."]},{"key":"Zutaten:","value":["Zutaten: MAGERMILCHJOGHURT, 28% FRISCHKÄSE, SCHLAGSAHNE, 12% Birnen, Glucose-Fruktosesirup, Zucker, Speisegelatine, modifizierte Maisstärke, Verdickungsmittel Guarkernmehl, Xanthan und Carrageen, Farbstoff: Beta-Carotin, Aroma. Mit Luft aufgeschlagen. ENTHÄLT MILCH. In Großbuchstaben angegebene Zutaten enthalten allergene Inhaltstoffe."]},{"key":"Allergene:","value":["Enthält:Milch und daraus gewonnene Erzeugnisse (inkl. Laktose)"]},{"key":"Zubereitung:","value":["Verzehrfertig"]},{"key":"Identitätskennzeichen:","value":["DE BY-119 EG"]},{"key":"Kontakt:","value":["Danone GmbH","Technologiestraße 10, 1120 Wien, Österreich","+43 (0)1 / 211 57-207"]}],"nutritions":[{"key":" ","value":"100 g"},{"key":"","value":"Unzubereitet"},{"key":"Energie","value":"589 kJ | 140 kcal"},{"key":"Fett","value":"5,6 g"},{"key":"Fett, davon gesättigte Fettsäuren","value":"3,6 g"},{"key":"Kohlenhydrate","value":"17,6 g"},{"key":"Kohlenhydrate, davon Zucker","value":"15,4 g"},{"key":"Eiweiß","value":"4,5 g"},{"key":"Salz","value":"0,13 g"}],"tags":[]},
    {"url":"https://www.interspar.at/shop/lebensmittel/p/3894941","data":[{"key":"price","value":"2,19 €"},{"key":"oldPrice","value":"\n\t\t\t\t\t\n\t\t\t\t\t \n\t\t\t\t"},{"key":"pricePerUnit","value":"(8.76 €/kg)"},{"key":"productDetailsName","value":"Arla - gesalzen - 250 G"},{"key":"detailsDescription","value":"250 G"},{"key":"articleNumber","value":"Artikelnummer: 3894941"},{"key":"Lagerhinweis:","value":["Bei max. +8°C lagern."]},{"key":"Zutaten:","value":["Zutaten: BUTTER (69%), Rapsöl (19%), Wasser, MILCHSÄUREKULTUR, Salz (1%). In Großbuchstaben angegebene Zutaten enthalten allergene Inhaltstoffe."]},{"key":"Allergene:","value":["Enthält:Milch und daraus gewonnene Erzeugnisse (inkl. Laktose)"]},{"key":"Identitätskennzeichen:","value":["DK-M 199 EC"]},{"key":"Kontakt:","value":["Arla Foods Deutschland GmbH","Wahlerstr. 2, 40472 Düsseldorf, Deutschland"]}],"nutritions":[{"key":"","value":"Unzubereitet"},{"key":" ","value":"100 g"},{"key":"Energie","value":"2794 kJ | 679 kcal"},{"key":"Fett","value":"75 g"},{"key":"Fett, davon gesättigte Fettsäuren","value":"37 g"},{"key":"Kohlenhydrate","value":"0,6 g"},{"key":"Kohlenhydrate, davon Zucker","value":"0,6 g"},{"key":"Eiweiß","value":"0,5 g"},{"key":"Salz","value":"1 g"}],"tags":["Glutenfrei"]},
    {"url":"https://www.interspar.at/shop/lebensmittel/p/4617037","data":[{"key":"price","value":"2,89 €"},{"key":"oldPrice","value":"\n\t\t\t\t\t\n\t\t\t\t\t \n\t\t\t\t"},{"key":"pricePerUnit","value":"(11.56 €/kg)"},{"key":"productDetailsName","value":"Kerrygold - Original Irische Butter - 250 G"},{"key":"detailsDescription","value":"250 G"},{"key":"articleNumber","value":"Artikelnummer: 4617037"},{"key":"Lagerhinweis:","value":["Gekühlt lagern."]},{"key":"Zutaten:","value":["Zutaten: BUTTER. In Großbuchstaben angegebene Zutaten enthalten allergene Inhaltsstoffe."]},{"key":"Allergene:","value":["Enthält:Milch und daraus gewonnene Erzeugnisse (inkl. Laktose)"]},{"key":"Identitätskennzeichen:","value":["DE NW 40015 EG"]},{"key":"Ursprungsland/Herkunftsort:","value":["Irland"]},{"key":"Kontakt:","value":["IDB Deutschland GmbH","Kerrygoldstraße 1, 47506 Neukirchen-Vluyn, Deutschland"]}],"nutritions":[],"tags":[]},
    {"url":"https://www.interspar.at/shop/lebensmittel/p/4094494","data":[{"key":"price","value":"2,49 €"},{"key":"oldPrice","value":"\n\t\t\t\t\t\n\t\t\t\t\t \n\t\t\t\t"},{"key":"pricePerUnit","value":"(3.89 €/kg)"},{"key":"productDetailsName","value":"SPAR - Strudel-Mürbteig 2 Stück - 640 G"},{"key":"detailsDescription","value":"640 G"},{"key":"articleNumber","value":"Artikelnummer: 4094494"},{"key":"Lagerhinweis:","value":["Vor und nach dem Öffnen gekühlt und vor Licht geschützt aufbewahren. Nach dem Öffnen alsbald verbrauchen."]},{"key":"Zutaten:","value":["Zutaten: WEIZENMEHL, pflanzliche Fette und Öle (Palm, Raps), Wasser, Ethanol, Kochsalz, inaktivierte Hefe, Säurungsmittel: Citronensäure, Kaliumjodid. In Großbuchstaben angegebene Zutaten enthalten allergene Inhaltsstoffe."]},{"key":"Allergene:","value":["Kann Spuren enthalten von:Eier und daraus gewonnene Erzeugnisse, Milch und daraus gewonnene Erzeugnisse (inkl. Laktose)","Enthält:Glutenhaltiges Getreide und daraus hergestellte Erzeugnisse"]},{"key":"","value":["Laktosefrei","Ohne Farbstoffe"]},{"key":"Zubereitung:","value":["BackenSPAR Strudel-Mürbteig 15 - 20 Min. vor dem Verarbeiten aus dem Kühlschrank nehmen. Den Teig aufrollen, nach Wunsch portionieren und mit Füllung belegen (Füllung vor dem Aufstreichen abkühlen lassen). Anschließend den Teig einrollen, die Teigränder mit Eiklar bestreichen und gut verschließen.Den Strudelteig mit Eidotter bestreichen und mit einer Gabel mehrfach einstechen. Im vorgeheizten Backrohr mit Ober-/Unterhitze bei 200 °C (Umluft bei 190 °C) 20 - 40 Min. backen."]},{"key":"Zusatztext:","value":["Auf Backpapier rechteckig ausgerollt"]},{"key":"Ursprungsland/Herkunftsort:","value":["Sorgfältig hergestellt in der Schweiz"]},{"key":"Verwendungshinweis:","value":["Tipp: Zum Tiefkühlen geeignet!"]},{"key":"Kontakt:","value":["SPAR Österr. Warenhandels-AG","Europastraße 3, 5015 Salzburg, Österreich"]}],"nutritions":[{"key":" ","value":"100 g"},{"key":"","value":"Unzubereitet"},{"key":"Energie","value":"1670 kJ | 399 kcal"},{"key":"Fett","value":"23 g"},{"key":"Fett, davon gesättigte Fettsäuren","value":"10 g"},{"key":"Kohlenhydrate","value":"40 g"},{"key":"Kohlenhydrate, davon Zucker","value":"3 g"},{"key":"Ballaststoffe","value":"2 g"},{"key":"Eiweiß","value":"7 g"},{"key":"Salz","value":"0,8 g"},{"key":"Broteinheiten","value":"3,3 BE"}],"tags":["Lactosefrei"]},
    {"url":"https://www.interspar.at/shop/lebensmittel/p/5133468","data":[{"key":"price","value":"1,29 €"},{"key":"oldPrice","value":"\n\t\t\t\t\t\n\t\t\t\t\t \n\t\t\t\t"},{"key":"pricePerUnit","value":"(5.38 €/kg)"},{"key":"productDetailsName","value":"SPAR - Blätterteig 1 Stück - 240 G"},{"key":"detailsDescription","value":"240 G"},{"key":"articleNumber","value":"Artikelnummer: 5133468"},{"key":"Lagerhinweis:","value":["Vor und nach dem Öffnen gekühlt und vor Licht geschützt aufbewahren. Nach dem Öffnen alsbald verbrauchen."]},{"key":"Zutaten:","value":["Zutaten: WEIZENMEHL, Pflanzenmargarine gesalzen (Palmfett, Rapsöl, Wasser, WEIZENSTÄRKE, Kochsalz, Säuerungsmittel: Citronensäure, Emulgatoren: Mono- und Diglyceride von Speisefettsäuren, Polyglycerinester von Speisefettsäuren), Wasser, Kochsalz jodiert (Salz, Kaliumjodid), Konservierungsstoff: Kaliumsorbat, Säuerungsmittel: Citronensäure. In Großbuchstaben angegebene Zutaten enthalten allergene Inhaltsstoffe."]},{"key":"Allergene:","value":["Kann Spuren enthalten von:Eier und daraus gewonnene Erzeugnisse, Milch und daraus gewonnene Erzeugnisse (inkl. Laktose)","Enthält:Glutenhaltiges Getreide und daraus hergestellte Erzeugnisse"]},{"key":"","value":["ohne Zuckerzusatz**enthält von Natur aus Zucker"]},{"key":"","value":["Laktosefrei","Ohne Farbstoffe"]},{"key":"Zubereitung:","value":["BackenFür Strudel: SPAR Blätterteig mit Backpapier auf ein Blech legen. Nach Belieben belegen. Anschließend den Teig einrollen, die Teigränder mit Eiklar bestreichen und gut verschließen.Für Kleingebäck: Teig in kleinere Stücke schneiden, füllen und die angefeuchteten Teigränder gut zusammendrücken. Den Teig noch mit Eidotter bestreichen und mit einer Gabel mehrfach einstechen. Im vorgeheizten Backrohr mit Ober-/Unterhitze bei 200°C (mit Umluft bei 190°C) 25-30Min. goldgelb backen."]},{"key":"Zusatztext:","value":["- rechteckig ausgerollt"]},{"key":"Ursprungsland/Herkunftsort:","value":["Sorgfältig hergestellt in der Schweiz"]},{"key":"Verwendungshinweis:","value":["TIPP: Zum Tiefkühlen geeignet! Die Auftauzeit beträgt bei Raumtemperatur ca. 3 Stunden, im Kühlschrank ca. 12 Stunden."]},{"key":"Kontakt:","value":["SPAR Österr. Warenhandels-AG","Europastraße 3, 5015 Salzburg, Österreich"]}],"nutritions":[{"key":"","value":"Unzubereitet"},{"key":" ","value":"100 g"},{"key":"Energie","value":"1680 kJ | 402 kcal"},{"key":"Fett","value":"26 g"},{"key":"Fett, davon gesättigte Fettsäuren","value":"11 g"},{"key":"Kohlenhydrate","value":"35 g"},{"key":"Kohlenhydrate, davon Zucker","value":"3 g"},{"key":"Ballaststoffe","value":"1,9 g"},{"key":"Eiweiß","value":"6,2 g"},{"key":"Salz","value":"0,85 g"},{"key":"Broteinheiten","value":"2,9 BE"}],"tags":["Lactosefrei"]},
    {"url":"https://www.interspar.at/shop/lebensmittel/p/5133512","data":[{"key":"price","value":"2,29 €"},{"key":"oldPrice","value":"\n\t\t\t\t\t\n\t\t\t\t\t \n\t\t\t\t"},{"key":"pricePerUnit","value":"(4.24 €/kg)"},{"key":"productDetailsName","value":"SPAR - Blätterteig 2 Stück - 540 G"},{"key":"detailsDescription","value":"540 G"},{"key":"articleNumber","value":"Artikelnummer: 5133512"},{"key":"Lagerhinweis:","value":["Vor und nach dem Öffnen gekühlt und vor Licht geschützt aufbewahren. Nach dem Öffnen alsbald verbrauchen."]},{"key":"Zutaten:","value":["Zutaten: WEIZENMEHL, Pflanzenmargarine gesalzen (Palmfett, Rapsöl, Wasser, WEIZENSTÄRKE, Kochsalz, Säuerungsmittel: Citronensäure, Emulgatoren: Mono- und Diglyceride von Speisefettsäuren, Polyglycerinester von Speisefettsäuren), Wasser, Kochsalz jodiert (Salz, Kaliumjodid), Konservierungsstoff: Kaliumsorbat, Säuerungsmittel: Citronensäure. In Großbuchstaben angegebene Zutaten enthalten allergene Inhaltsstoffe."]},{"key":"Allergene:","value":["Kann Spuren enthalten von:Eier und daraus gewonnene Erzeugnisse, Milch und daraus gewonnene Erzeugnisse (inkl. Laktose)","Enthält:Glutenhaltiges Getreide und daraus hergestellte Erzeugnisse"]},{"key":"","value":["ohne Zuckerzusatz**enthält von Natur aus Zucker"]},{"key":"","value":["Ohne Farbstoffe","Laktosefrei"]},{"key":"Zubereitung:","value":["BackenFür Strudel: SPAR Blätterteig nebeneinander mit Backpapier auf ein Blech legen, sodass in der Mitte ca. 3cm überlappen. Die Teigränder mit Wasser anfeuchten und gut zusammendrücken. Nach Belieben belegen. Anschließend den Teig einrollen, die Teigränder mit Eiklar bestreichen und gut verschließen. Für Kleingebäck: Teig in kleinere Stücke schneiden, füllen und die angefeuchteten Teigränder gut zusammendrücken. Den Teig noch mit Eidotter bestreichen und mit einer Gabel mehrfach einstechen. Im Vorgeheizten Backrohr mit Ober-/Unterhitze bei 200°C (mit Umluft bei 190°C) 25-30Min. goldgelb backen."]},{"key":"Zusatztext:","value":["- rechteckig ausgerollt"]},{"key":"Ursprungsland/Herkunftsort:","value":["Sorgfältig hergestellt in der Schweiz"]},{"key":"Verwendungshinweis:","value":["TIPP: Zum Tiefkühlen geeignet! Die Auftauzeit beträgt bei Raumtemperatur ca. 3 Stunden, im Kühlschrank ca. 12 Stunden."]},{"key":"Kontakt:","value":["SPAR Österr. Warenhandels-AG","Europastraße 3, 5015 Salzburg, Österreich"]}],"nutritions":[{"key":"","value":"Unzubereitet"},{"key":" ","value":"100 g"},{"key":"Energie","value":"1680 kJ | 402 kcal"},{"key":"Fett","value":"26 g"},{"key":"Fett, davon gesättigte Fettsäuren","value":"11 g"},{"key":"Kohlenhydrate","value":"35 g"},{"key":"Kohlenhydrate, davon Zucker","value":"3 g"},{"key":"Ballaststoffe","value":"1,9 g"},{"key":"Eiweiß","value":"6,2 g"},{"key":"Salz","value":"0,85 g"},{"key":"Broteinheiten","value":"2,9 BE"}],"tags":["Lactosefrei"]},
    {"url":"https://www.interspar.at/shop/lebensmittel/p/2020001844609","data":[{"key":"price","value":"2,99 €"},{"key":"oldPrice","value":"\n\t\t\t\t\t\n\t\t\t\t\t \n\t\t\t\t"},{"key":"pricePerUnit","value":"(7.48 €/l)"},{"key":"productDetailsName","value":"SPAR PREMIUM Edition Johanna Maier - Alt-Wiener Suppentopf - 400 ML"},{"key":"detailsDescription","value":"400 ML"},{"key":"articleNumber","value":"Artikelnummer: 2020001844609"},{"key":"Lagerhinweis:","value":["Vor und nach dem Öffnen gekühlt lagern. Nach dem Öffnen innerhalb von 2 Tagen genießen."]},{"key":"Zutaten:","value":["Zutaten: Trinkwasser, Rindfleisch 8%, Fadennudeln 4,8% (HARTWEIZENGRIESS, EIER), Karotten 4%, Gelbe Rüben 4%, SELLERIE 4%, Rinder-Bouillon 2,8% [Dextrose, Speisesalz unjodiert, gekörnte Brühe (Würze, Speisesalz unjodiert, Sonnenblumenöl), Bouillion (Speisesalz unjodiert, Rindfleischextrakt, Rapsöl), Stärke, natürliches Aroma, Gewürzextrakt], Lauch, Petersilie, Speisesalz unjodiert. In Großbuchstaben angegebene Zutaten enthalten allergene Inhaltsstoffe."]},{"key":"Allergene:","value":["Enthält:Eier und daraus gewonnene Erzeugnisse, Glutenhaltiges Getreide und daraus hergestellte Erzeugnisse, Sellerie und daraus gewonnene Erzeugnisse"]},{"key":"","value":["ohne Farbstoffzusatz, ohne Konservierungsstoffe, ohne Geschmacksverstärker"]},{"key":"Zubereitung:","value":["Simmern/KöchelnBei mittlerer Hitze die Suppe ca. 4 Minuten im Kochtopf unter ständigem Rühren erwärmen.","Zubereitung in der MikrowelleZiehen Sie die Kartonschleife ab, öffnen Sie den Deckel, legen Sie diesen lose auf den Rand, dann bei 600 Watt 4-5 Minuten erhitzen, danach noch kurz umrühren und genießen. Vorsicht, der Becher wird heiß!"]},{"key":"Identitätskennzeichen:","value":["AT 32522 EG"]},{"key":"Ursprungsland/Herkunftsort:","value":["Sorgfältig hergestellt in Österreich"]},{"key":"Kontakt:","value":["SPAR Österr. Warenhandels-AG","Europastraße 3, 5015 Salzburg, Österreich","office@spar.at"]}],"nutritions":[{"key":"","value":"Unzubereitet"},{"key":" ","value":"100 g"},{"key":"Energie","value":"213 kJ | 51 kcal"},{"key":"Fett","value":"1,6 g"},{"key":"Fett, davon gesättigte Fettsäuren","value":"0,7 g"},{"key":"Kohlenhydrate","value":"5,2 g"},{"key":"Kohlenhydrate, davon Zucker","value":"1,4 g"},{"key":"Ballaststoffe","value":"0,7 g"},{"key":"Eiweiß","value":"3,5 g"},{"key":"Salz","value":"1,4 g"},{"key":"","value":"Unzubereitet"},{"key":" ","value":"100 ml"},{"key":"Energie","value":"213 kJ | 51 kcal"},{"key":"Fett","value":"1,6 g"},{"key":"Fett, davon gesättigte Fettsäuren","value":"0,7 g"},{"key":"Kohlenhydrate","value":"5,2 g"},{"key":"Kohlenhydrate, davon Zucker","value":"1,4 g"},{"key":"Ballaststoffe","value":"0,7 g"},{"key":"Eiweiß","value":"3,5 g"},{"key":"Salz","value":"1,4 g"},{"key":"Broteinheiten","value":"0,4 BE"},{"key":"Broteinheiten","value":"0,4 BE"}],"tags":[]},
    {"url":"https://www.interspar.at/shop/lebensmittel/p/2020001844685","data":[{"key":"price","value":"2,99 €"},{"key":"oldPrice","value":"\n\t\t\t\t\t\n\t\t\t\t\t \n\t\t\t\t"},{"key":"pricePerUnit","value":"(7.48 €/l)"},{"key":"productDetailsName","value":"SPAR PREMIUM Edition Johanna Maier - Rollgerstl-Suppe - 400 ML"},{"key":"detailsDescription","value":"400 ML"},{"key":"articleNumber","value":"Artikelnummer: 2020001844685"},{"key":"Lagerhinweis:","value":["Vor und nach dem Öffnen gekühlt lagern. Nach dem Öffnen innerhalb von 2 Tagen genießen."]},{"key":"Zutaten:","value":["Zutaten: Trinkwasser, ROLLGERSTE 10%, Karotten 5%, SELLERIE 5%, Selchkarreerose geräuchert 5% [Schweinefleisch, Trinkwasser, Nitritpökelsalz (Salz unjodiert, Konservierungsstoff: Natriumnitrit), Stabilisatoren: Diphosphat, Triphosphat; Maltodextrin, Dextrose, Salz unjodiert, Gewürzextrakt, Knoblauch], Lauch, Zwiebeln, Rinder-Bouillon 1,4% [Dextrose, Salz unjodiert, gekörnte Brühe (Würze, Salz unjodiert, Sonnenblumenöl), Bouillon (Salz unjodiert, Rindfleischextrakt, Rapsöl), Stärke, natürliches Aroma, Gewürzextrakt], Salz unjodiert, Schnittlauch, Petersilie, Bockshornkleesamen, Liebstöckel. In Großbuchstaben angegebene Zutaten enthalten allergene Inhaltsstoffe."]},{"key":"Allergene:","value":["Enthält:Glutenhaltiges Getreide und daraus hergestellte Erzeugnisse, Sellerie und daraus gewonnene Erzeugnisse"]},{"key":"","value":["einfach OHNE: ohne Farbstoffzusatzohne Geschmacksverstärker"]},{"key":"Zubereitung:","value":["Zubereitung in der MikrowelleOder alternativ in der Mikrowelle: Ziehen Sie die Kartonschleife ab, öffnen Sie den Deckel, legen Sie diesen lose auf den Rand, dann bei 600 Watt 4-5 Minuten erhitzen, danach noch kurz umrühren und genießen. Vorsicht, Becher wird heiß!","Simmern/KöchelnBesonders empfehlenswert im Kochtopf: Bei mittlerer Hitze ca. 4 Minuten unter ständigem Rühren erwärmen."]},{"key":"Identitätskennzeichen:","value":["AT 32522 EG"]},{"key":"Ursprungsland/Herkunftsort:","value":["Sorgfältig hergestellt in Österreich"]},{"key":"Verbrauchen nach dem Öffnen:","value":["2 Tage"]},{"key":"Kontakt:","value":["SPAR Österr. Warenhandels-AG","Europastraße 3, 5015 Salzburg, Österreich"]}],"nutritions":[{"key":"","value":"Unzubereitet"},{"key":" ","value":"100 ml"},{"key":"Energie","value":"142 kJ | 34 kcal"},{"key":"Fett","value":"0,5 g"},{"key":"Fett, davon gesättigte Fettsäuren","value":"0,2 g"},{"key":"Kohlenhydrate","value":"4,9 g"},{"key":"Kohlenhydrate, davon Zucker","value":"1,2 g"},{"key":"Ballaststoffe","value":"0,9 g"},{"key":"Eiweiß","value":"2 g"},{"key":"Salz","value":"1,2 g"},{"key":"Broteinheiten","value":"0,4 BE"}],"tags":[]},
    {"url":"https://www.interspar.at/shop/lebensmittel/p/2020001845767","data":[{"key":"price","value":"2,99 €"},{"key":"oldPrice","value":"\n\t\t\t\t\t\n\t\t\t\t\t \n\t\t\t\t"},{"key":"pricePerUnit","value":"(7.48 €/l)"},{"key":"productDetailsName","value":"SPAR PREMIUM Edition Johanna Maier - Galanga-Wurzel-Suppe - 400 ML"},{"key":"detailsDescription","value":"400 ML"},{"key":"articleNumber","value":"Artikelnummer: 2020001845767"},{"key":"Lagerhinweis:","value":["Vor und nach dem Öffnen gekühlt lagern. Nach dem Öffnen innerhalb von 2 Tagen genießen."]},{"key":"Zutaten:","value":["Zutaten: Kokosmilch 56% (Kokosnussextrakt, Trinkwasser), Trinkwasser, Hühnerbrust 5%, Maiskeimöl, Galanga-Wurzel 1%, Fischsauce (Trinkwasser, SARDELLENEXTRAKT, Meersalz unjodiert, Zucker), Sojasauce (Trinkwasser, SOJABOHNEN, WEIZEN, Speisesalz unjodiert), Gelbe Curry Paste (Rapsöl, Trinkwasser, Gewürze (Koriander, Kreuzkümmel, Zwiebelpulver, Kurkuma, Ingwerpulver, Knoblauchpulver, Chilipulver, Paprika, Kardamom, SENFSAMEN, Bockshornklee, Fenchel), Tomatenpüree, Speisesalz unjodiert, Zucker, Säuerungsmittel: Essigsäure, Linsenmehl), Speisesalz unjodiert, Gewürzsalz (Steinsalz unjodiert, Gewürze (Bockshornklee, Szechuan Pfeffer, Ingwer, Koriander, Pfeffer, Kreuzkümmel, Kardamom)), Maisstärke, Zitronensaft aus Zitronensaftkonzentrat, Zitronengrasöl, Chili. In Großbuchstaben angegebene Zutaten enthalten allergene Inhaltsstoffe."]},{"key":"Allergene:","value":["Enthält:Fische und daraus gewonnene Erzeugnisse, Glutenhaltiges Getreide und daraus hergestellte Erzeugnisse, Senf und daraus gewonnene Erzeugnisse, Sojabohnen und daraus gewonnene Erzeugnisse"]},{"key":"","value":["ohne Farbstoffzusatz, ohne Geschmacksverstärker, ohne Konservierungsstoffe"]},{"key":"Zubereitung:","value":["Zubereitung in der MikrowelleZiehen Sie die Kartonschleife ab, öffnen Sie den Deckel, legen Sie diesen los auf den Rand, dann bei 600 Watt 4-5 Minuten erhitzen, danach noch kurz umrühren und genießen. Vorsicht, der Becher wird heiß!","Erhitzen und servierenBei mittlerer Hitze ca. 4 Minuten unter ständigem Rühren erwärmen."]},{"key":"Identitätskennzeichen:","value":["AT 32522 EG"]},{"key":"Ursprungsland/Herkunftsort:","value":["Sorgfältig hergestellt in Österreich"]},{"key":"Kontakt:","value":["SPAR Österr. Warenhandels-AG","Europastraße 3, 5015 Salzburg, Österreich","office@spar.at"]}],"nutritions":[{"key":"","value":"Unzubereitet"},{"key":" ","value":"100 ml"},{"key":"Energie","value":"544 kJ | 132 kcal"},{"key":"Fett","value":"13 g"},{"key":"Fett, davon gesättigte Fettsäuren","value":"9,9 g"},{"key":"Kohlenhydrate","value":"1,7 g"},{"key":"Kohlenhydrate, davon Zucker","value":"1,4 g"},{"key":"Ballaststoffe","value":"< 0,5 g"},{"key":"Eiweiß","value":"2,4 g"},{"key":"Salz","value":"1,1 g"},{"key":"Broteinheiten","value":"0,1 BE"},{"key":"","value":"Unzubereitet"},{"key":" ","value":"100 g"},{"key":"Energie","value":"544 kJ | 132 kcal"},{"key":"Fett","value":"13 g"},{"key":"Fett, davon gesättigte Fettsäuren","value":"9,9 g"},{"key":"Kohlenhydrate","value":"1,7 g"},{"key":"Kohlenhydrate, davon Zucker","value":"1,4 g"},{"key":"Ballaststoffe","value":"0,5 g"},{"key":"Eiweiß","value":"2,4 g"},{"key":"Salz","value":"1,1 g"},{"key":"Broteinheiten","value":"0,1 BE"}],"tags":[]},
    {"url":"https://www.interspar.at/shop/lebensmittel/p/6034153","data":[{"key":"price","value":"2,99 €"},{"key":"oldPrice","value":"\n\t\t\t\t\t\n\t\t\t\t\t \n\t\t\t\t"},{"key":"pricePerUnit","value":"(7.48 €/l)"},{"key":"productDetailsName","value":"SPAR PREMIUM Edition Johanna Maier - Kokos-Curry-Suppe - 400 ML"},{"key":"detailsDescription","value":"400 ML"},{"key":"articleNumber","value":"Artikelnummer: 6034153"},{"key":"Lagerhinweis:","value":["Vor und nach dem Öffnen gekühlt lagern. Nach dem Öffnen innerhalb von 2 Tagen genießen."]},{"key":"Zutaten:","value":["Zutaten: Trinkwasser, SCHLAGOBERS, Portwein 11%, Äpfel, Ananas, Kokosmilch (Kokosnussextrakt 3,8%, Wasser), Lauch, Bananen, BUTTER, Kokosraspeln 2,8%, Zitronengras, Petersilie, Gemüsebrühe (Salz jodiert [Salz, Kaliumjodid], Traubenzucker, pflanzliche Speisewürze, Palmkernfett, Gewürze [Zwiebel, Kurkumawurzel, Petersilie, Liebstöckel, Schnittlauch], Gewürzextrakte [Pfeffer, Muskatnuss], Kartoffelstärke), Kurkuma, Zucker, Curry-Pulver 0,21% (Koriander, Kurkuma, Zimt, Bockshornkleesaat, Kreuzkümmel, Kardamon, Ingwer, Paprika, Piment, Muskat, Nelken, Pfeffer), Limonenblätter, Salz jodiert (Salz, Kaliumjodid), Chili, Maisstärke. In Großbuchstaben angegebene Zutaten enthalten allergene Inhaltsstoffe."]},{"key":"Allergene:","value":["Enthält:Milch und daraus gewonnene Erzeugnisse (inkl. Laktose)"]},{"key":"","value":["ohne Geschmacksverstärker"]},{"key":"","value":["Ohne Konservierungsstoffe"]},{"key":"Zubereitung:","value":["Simmern/KöchelnBei mittlerer Hitze ca. 4 Minuten unter ständigem Rühren erwärmen.","Zubereitung in der MikrowelleZiehen Sie die Kartonschleife ab, öffnen Sie den Deckel, legen Sie diesen lose auf den Rand, dann bei 600 Watt 4-5 Minuten erhitzen, danach noch kurz umrühren und genießen. Vorsicht, Becher wird heiß!"]},{"key":"Ursprungsland/Herkunftsort:","value":["Sorgfältig hergestellt in Österreich"]},{"key":"Verbrauchen nach dem Öffnen:","value":["2 Tage"]},{"key":"Verwendungshinweis:","value":["Vor dem Öffnen gut schütteln."]},{"key":"Kontakt:","value":["SPAR Österr. Warenhandels-AG","Europastraße 3, 5015 Salzburg, Österreich"]}],"nutritions":[{"key":" ","value":"100 ml"},{"key":"","value":"Unzubereitet"},{"key":"Energie","value":"533 kJ | 129 kcal"},{"key":"Fett","value":"11 g"},{"key":"Fett, davon gesättigte Fettsäuren","value":"8,2 g"},{"key":"Kohlenhydrate","value":"6,2 g"},{"key":"Kohlenhydrate, davon Zucker","value":"5,3 g"},{"key":"Ballaststoffe","value":"0,5 g"},{"key":"Eiweiß","value":"1 g"},{"key":"Salz","value":"0,24 g"},{"key":"Broteinheiten","value":"0,5 BE"}],"tags":["Glutenfrei"]},
    {"url":"https://www.interspar.at/shop/lebensmittel/p/6034276","data":[{"key":"price","value":"2,99 €"},{"key":"oldPrice","value":"\n\t\t\t\t\t\n\t\t\t\t\t \n\t\t\t\t"},{"key":"pricePerUnit","value":"(7.48 €/l)"},{"key":"productDetailsName","value":"SPAR PREMIUM Edition Johanna Maier - Kartoffelsuppe - 400 ML"},{"key":"detailsDescription","value":"400 ML"},{"key":"articleNumber","value":"Artikelnummer: 6034276"},{"key":"Lagerhinweis:","value":["Vor und nach dem Öffnen gekühlt lagern. Nach dem Öffnen innerhalb von 2 Tagen genießen."]},{"key":"Zutaten:","value":["Zutaten: Trinkwasser, SCHLAGOBERS, Kartoffelflocken 4%, Weißwein, Gemüsebrühe (Salz jodiert [Salz, Kaliumjodid], Traubenzucker, pflanzliche Speisewürze, Palmkernfett, Gewürze [Zwiebel, Kurkumawurzel, Petersilie, Liebstöckel, Schnittlauch], Gewürzextrakte [Pfeffer, Muskatnuss], Kartoffelstärke), Steinpilze 1,5%, Zwiebel, Rapsöl, Trüffelöl 0,74% (Sonnenblumenöl, natürliches Aroma vom weißen Trüffel), Zucker, Knoblauch, Zitronensaft aus Zitronensaftkonzentrat, Majoran. In Großbuchstaben angegebene Zutaten enthalten allergene Inhaltsstoffe."]},{"key":"Allergene:","value":["Enthält:Milch und daraus gewonnene Erzeugnisse (inkl. Laktose)"]},{"key":"","value":["mit natürlichen Aromen"]},{"key":"","value":["Ohne Konservierungsstoffe","Frei von Aromen"]},{"key":"Zubereitung:","value":["Zubereitung in der MikrowelleZiehen Sie die Kartonschleife ab, öffnen Sie den Deckel, legen Sie diesen lose auf den Rand, dann bei 600 Watt 4-5 Minuten erhitzen, danach noch kurz umrühren und genießen. Vorsicht, der Becher wird heiß!","Simmern/KöchelnBei mittlerer Hitze ca. 4 Minuten unter ständigem Rühren erwärmen."]},{"key":"Ursprungsland/Herkunftsort:","value":["Sorgfältig hergestellt in Österreich"]},{"key":"Verbrauchen nach dem Öffnen:","value":["2 Tage"]},{"key":"Verwendungshinweis:","value":["Vor dem Öffnen gut schütteln."]},{"key":"Kontakt:","value":["SPAR Österr. Warenhandels-AG","Europastraße 3, 5015 Salzburg, Österreich"]}],"nutritions":[{"key":" ","value":"100 ml"},{"key":"","value":"Unzubereitet"},{"key":"Energie","value":"308 kJ | 74 kcal"},{"key":"Fett","value":"5,6 g"},{"key":"Fett, davon gesättigte Fettsäuren","value":"2,4 g"},{"key":"Kohlenhydrate","value":"4,3 g"},{"key":"Kohlenhydrate, davon Zucker","value":"1,2 g"},{"key":"Ballaststoffe","value":"1,2 g"},{"key":"Eiweiß","value":"1,1 g"},{"key":"Salz","value":"0,9 g"},{"key":"Broteinheiten","value":"0,4 BE"}],"tags":["Glutenfrei"]},
    {"url":"https://www.interspar.at/shop/lebensmittel/p/6034559","data":[{"key":"price","value":"2,99 €"},{"key":"oldPrice","value":"\n\t\t\t\t\t\n\t\t\t\t\t \n\t\t\t\t"},{"key":"pricePerUnit","value":"(7.48 €/l)"},{"key":"productDetailsName","value":"SPAR PREMIUM Edition Johanna Maier - Belugalinsensuppe - 400 ML"},{"key":"detailsDescription","value":"400 ML"},{"key":"articleNumber","value":"Artikelnummer: 6034559"},{"key":"Lagerhinweis:","value":["Vor und nach dem Öffnen gekühlt lagern. Nach dem Öffnen innerhalb von 2 Tagen genießen."]},{"key":"Zutaten:","value":["Zutaten: Trinkwasser, Belugalinsen, Karotten, Lauch, Zwiebel, Rotweinessig, BUTTER, Gemüsebrühe (Salz jodiert [Salz, Kaliumjodid], Traubenzucker, pflanzliche Speisewürze, Palmkernfett, Gewürze [Zwiebel, Kurkumawurzel, Petersilie, Liebstöckel, Schnittlauch], Gewürzextrakte [Pfeffer, Muskatnuss], Kartoffelstärke), Knoblauch, Rinderbrühe (Salz jodiert [Salz, Kaliumjodid], Traubenzucker, Palmkernfett, Rindfleischextrakt, Speisewürze, Zucker, modifizierte Stärke, Gewürze [Kurkumawurzel, Wacholderbeeren, Lorbeerblätter, Koriander, Muskatblüte], natürliches Aroma), Salz jodiert (Salz, Kaliumjodid), Tomatenmark pasteurisiert, Petersilie, WALNUSSÖL, Paprikapulver, Kreuzkümmel, Pfeffer schwarz, Majoran. In Großbuchstaben angegebene Zutaten enthalten allergene Inhaltsstoffe."]},{"key":"Allergene:","value":["Enthält:Milch und daraus gewonnene Erzeugnisse (inkl. Laktose), Schalenfrüchte und daraus gewonnene Erzeugnisse"]},{"key":"","value":["mit natürlichen Aromen"]},{"key":"","value":["Ohne Konservierungsstoffe","Frei von Aromen"]},{"key":"Zubereitung:","value":["Simmern/KöchelnBei mittlerer Hitze ca. 4 Minuten unter ständigem Rühren erwärmen.","Zubereitung in der MikrowelleZiehen Sie die Kartonschleife ab, öffnen Sie den Deckel, legen Sie diesen lose auf den Rand, dann bei 600 Watt 4-5 Minuten erhitzen, danach noch kurz umrühren und genießen. Vorsicht, der Becher wird heiß!"]},{"key":"Ursprungsland/Herkunftsort:","value":["Sorgfältig hergestellt in Österreich"]},{"key":"Verbrauchen nach dem Öffnen:","value":["2 Tage"]},{"key":"Verwendungshinweis:","value":["Vor dem Öffnen gut schütteln."]},{"key":"Kontakt:","value":["SPAR Österr. Warenhandels-AG","Europastraße 3, 5015 Salzburg, Österreich"]}],"nutritions":[{"key":" ","value":"100 ml"},{"key":"","value":"Unzubereitet"},{"key":"Energie","value":"273 kJ | 65 kcal"},{"key":"Fett","value":"2 g"},{"key":"Fett, davon gesättigte Fettsäuren","value":"1 g"},{"key":"Kohlenhydrate","value":"6,7 g"},{"key":"Kohlenhydrate, davon Zucker","value":"1,4 g"},{"key":"Ballaststoffe","value":"2,7 g"},{"key":"Eiweiß","value":"3,5 g"},{"key":"Salz","value":"1,5 g"},{"key":"Broteinheiten","value":"0,6 BE"}],"tags":["Glutenfrei"]},
    {"url":"https://www.interspar.at/shop/lebensmittel/p/8197573","data":[{"key":"price","value":"2,99 €"},{"key":"oldPrice","value":"\n\t\t\t\t\t\n\t\t\t\t\t \n\t\t\t\t"},{"key":"pricePerUnit","value":"(7.48 €/l)"},{"key":"productDetailsName","value":"SPAR PREMIUM Edition Johanna Maier - Mediterrane Tomatensuppe - 400 ML"},{"key":"detailsDescription","value":"400 ML"},{"key":"articleNumber","value":"Artikelnummer: 8197573"},{"key":"Lagerhinweis:","value":["Vor und nach dem Öffnen gekühlt lagern. Nach dem Öffnen innerhalb von 2 Tagen genießen."]},{"key":"Zutaten:","value":["Zutaten: Tomaten gehackt 34,7%, Trinkwasser, Tomatensaft 18,7%, Karotten 4%, SCHLAGOBERS, Zwiebel 1,3%, Zucker, Gemüsebrühe (Salz jodiert [Salz, Kaliumjodid], Traubenzucker, pflanzliche Speisewürze, Palmkernfett, Gewürze [Zwiebel, Kurkumawurzel, Petersilie, Liebstöckel, Schnittlauch], Gewürzextrakte [Pfeffer, Muskatnuss], Kartoffelstärke), mediterranes Gewürzsalz (Salz jodiert [Salz, Kaliumjodid], Gewürze [Pfeffer schwarz, weiß, grün, Rosa Beeren, Petersilie, Basilikum, Estragon, Rosmarin, Thymian], Traubenzucker, natürliches Zitronenaroma), Zucchini 1,1%, Paprika 1,1%, Oliven schwarz 1,1% (ohne Stein), Knoblauch, Majoran, Maisstärke. In Großbuchstaben angegebene Zutaten enthalten allergene Inhaltsstoffe."]},{"key":"Allergene:","value":["Enthält:Milch und daraus gewonnene Erzeugnisse (inkl. Laktose)"]},{"key":"","value":["mit natürlichem Aroma"]},{"key":"","value":["Frei von Aromen","Ohne Konservierungsstoffe"]},{"key":"Zubereitung:","value":["Zubereitung in der MikrowelleZiehen Sie die Kartonschleife ab, öffnen Sie den Deckel, legen Sie diesen lose auf den Rand, dann bei 600 Watt 4-5 Minuten erhitzen, danach noch kurz umrühren und genießen. Vorsicht, der Becher wird heiß!","Simmern/KöchelnBesonders empfehlenswert im Kochtopf:Bei mittlerer Hitze ca. 4 Minuten unter ständigem Rühren erwärmen."]},{"key":"Ursprungsland/Herkunftsort:","value":["Sorgfältig hergestellt in Österreich"]},{"key":"Verbrauchen nach dem Öffnen:","value":["2 Tage"]},{"key":"Verwendungshinweis:","value":["Vor dem Öffnen gut schütteln."]},{"key":"Kontakt:","value":["SPAR Österr. Warenhandels-AG","Europastraße 3, 5015 Salzburg, Österreich"]}],"nutritions":[{"key":" ","value":"100 ml"},{"key":"","value":"Unzubereitet"},{"key":"Energie","value":"141 kJ | 34 kcal"},{"key":"Fett","value":"1,2 g"},{"key":"Fett, davon gesättigte Fettsäuren","value":"0,6 g"},{"key":"Kohlenhydrate","value":"4,3 g"},{"key":"Kohlenhydrate, davon Zucker","value":"3,5 g"},{"key":"Ballaststoffe","value":"0,8 g"},{"key":"Eiweiß","value":"1 g"},{"key":"Salz","value":"1,4 g"},{"key":"Broteinheiten","value":"0,4 BE"}],"tags":["Glutenfrei"]},
    {"url":"https://www.interspar.at/shop/lebensmittel/p/1190939","data":[{"key":"price","value":"2,49 €"},{"key":"oldPrice","value":"\n\t\t\t\t\t\n\t\t\t\t\t \n\t\t\t\t"},{"key":"pricePerUnit","value":"(19.92 €/kg)"},{"key":"productDetailsName","value":"Schlierbacher - Bio Schlosskäse Exquisit 2 x 62,5g - 125 G"},{"key":"detailsDescription","value":"125 G"},{"key":"articleNumber","value":"Artikelnummer: 1190939"},{"key":"Lagerhinweis:","value":["Gekühlt bei +3° bis +9° C lagern. Nach dem Öffnen innerhalb von 4 Tagen verbrauchen."]},{"key":"Zutaten:","value":["Zutaten: pasteurisierte Bio-KUHMILCH, Speisesalz, Lab, Rotkultur, Bio-Gewürzextraktzubereitung (Bio-Dextrose, Paprikaextrakt). In Großbuchstaben angegebene Zutaten enthalten allergene Inhaltsstoffe."]},{"key":"Allergene:","value":["Enthält:Milch und daraus gewonnene Erzeugnisse (inkl. Laktose)"]},{"key":"","value":["Garantiert laktosefrei"]},{"key":"Bio-Kontrollstelle:","value":["SGS Organic"]},{"key":"Ursprungsland/Herkunftsort:","value":["Österreich"]},{"key":"Verbrauchen nach dem Öffnen:","value":["4 Tage"]},{"key":"Kontakt:","value":["Klosterkäserei Schlierbach","Klosterstraße 1, 4553 Schlierbach, Österreich","office@stift-schlierbach.at"]}],"nutritions":[{"key":"","value":"Unzubereitet"},{"key":" ","value":"100 g"},{"key":"Energie","value":"1396 kJ | 337 kcal"},{"key":"Fett","value":"29 g"},{"key":"Fett, davon gesättigte Fettsäuren","value":"21,8 g"},{"key":"Kohlenhydrate","value":"< 0,5 g"},{"key":"Kohlenhydrate, davon Zucker","value":"< 0,5 g"},{"key":"Eiweiß","value":"19 g"},{"key":"Salz","value":"2,8 g"}],"tags":["Gekühlt","Bio","Glutenfrei","Lactosefrei"]},
    {"url":"https://www.interspar.at/shop/lebensmittel/p/1190953","data":[{"key":"price","value":"2,49 €"},{"key":"oldPrice","value":"\n\t\t\t\t\t\n\t\t\t\t\t \n\t\t\t\t"},{"key":"pricePerUnit","value":"(19.92 €/kg)"},{"key":"productDetailsName","value":"Schlierbacher - Bio Schlosskäse Classic 2 x 62,5g - 125 G"},{"key":"detailsDescription","value":"125 G"},{"key":"articleNumber","value":"Artikelnummer: 1190953"},{"key":"Lagerhinweis:","value":["Gekühlt bei +3°C bis +9°C lagern. Nach dem Öffnen innerhalb von 4 Tagen verbrauchen."]},{"key":"Zutaten:","value":["Zutaten: pasteurisierte Bio-KUHMILCH, Speisesalz, Lab, Rotkultur, Bio-Gewürzextraktzubereitung (Bio-Dextrose, Paprikaextrakt). In Großbuchstaben angegebene Zutaten enthalten allergene Inhaltsstoffe."]},{"key":"Allergene:","value":["Enthält:Milch und daraus gewonnene Erzeugnisse (inkl. Laktose)"]},{"key":"","value":["Garantiert laktosefrei"]},{"key":"Bio-Kontrollstelle:","value":["SGS Organic"]},{"key":"Ursprungsland/Herkunftsort:","value":["Österreich"]},{"key":"Verbrauchen nach dem Öffnen:","value":["4 Tage"]},{"key":"Kontakt:","value":["Klosterkäserei Schlierbach","Klosterstraße 1, 4553 Schlierbach, Österreich","office@stift-schlierbach.at"]}],"nutritions":[{"key":"","value":"Unzubereitet"},{"key":" ","value":"100 g"},{"key":"Energie","value":"341 kJ | 1413 kcal"},{"key":"Fett","value":"29 g"},{"key":"Fett, davon gesättigte Fettsäuren","value":"20 g"},{"key":"Kohlenhydrate","value":"< 0,5 g"},{"key":"Kohlenhydrate, davon Zucker","value":"< 0,5 g"},{"key":"Eiweiß","value":"20 g"},{"key":"Salz","value":"2,8 g"}],"tags":["Gekühlt","Bio","Glutenfrei","Lactosefrei"]},
    {"url":"https://www.interspar.at/shop/lebensmittel/p/2020000654650","data":[{"key":"price","value":"2,99 €"},{"key":"oldPrice","value":"\n\t\t\t\t\t\n\t\t\t\t\t \n\t\t\t\t"},{"key":"pricePerUnit","value":"(17.59 €/kg)"},{"key":"productDetailsName","value":"Bonbel - Cremig-Würzig à la Tomate & Basilikum - 170 G"},{"key":"detailsDescription","value":"170 G"},{"key":"articleNumber","value":"Artikelnummer: 2020000654650"},{"key":"Lagerhinweis:","value":["Gekühlt bei +2°C bis +8°C aufbewahren."]},{"key":"Zutaten:","value":["Zutaten: pasteurisierte MILCH, MILCHEIWEISS, Salz, gegrillte Tomaten (0,2% - Tomaten, Olivenöl, Gewürzextrakte), Knoblauch, Basilikum, natürliches Aroma, Milchsäurebakterien, mikrobielles Lab, Farbstoff: Annatto*. *rein pflanzlicher Farbstoff aus dem Samen des Annatto-Strauches. In Großbuchstaben angegebene Zutaten enthalten allergene Inhaltsstoffe."]},{"key":"Allergene:","value":["Enthält:Milch und daraus gewonnene Erzeugnisse (inkl. Laktose)"]},{"key":"","value":["Ohne Zusatz von Konservierungsstoffen"]},{"key":"","value":["Laktosefrei"]},{"key":"Identitätskennzeichen:","value":["BE FR 282 CE"]},{"key":"Zusatztext:","value":["Essbare Rinde"]},{"key":"Kontakt:","value":["Fromageries Bel Österreich","Wehlistraße 27b, Stiege 1, Tür 6, 1200 Wien, Österreich"]}],"nutritions":[{"key":"","value":"Unzubereitet"},{"key":" ","value":"100 g"},{"key":"Energie","value":"1360 kJ | 329 kcal"},{"key":"Fett","value":"27 g"},{"key":"Fett, davon gesättigte Fettsäuren","value":"18 g"},{"key":"Kohlenhydrate","value":"< 0,5 g"},{"key":"Kohlenhydrate, davon Zucker","value":"< 0,5 g"},{"key":"Eiweiß","value":"21 g"},{"key":"Salz","value":"1,7 g"}],"tags":["Gekühlt","Lactosefrei"]},
    {"url":"https://www.interspar.at/shop/lebensmittel/p/2020000759034","data":[{"key":"price","value":"1,85 €"},{"key":"oldPrice","value":"\n\t\t\t\t\t\n\t\t\t\t\t \n\t\t\t\t"},{"key":"pricePerUnit","value":"(10.57 €/kg)"},{"key":"productDetailsName","value":"Rupp - Feinster Streich mit Bergkäse - 175 G"},{"key":"detailsDescription","value":"175 G"},{"key":"articleNumber","value":"Artikelnummer: 2020000759034"},{"key":"Lagerhinweis:","value":["Gekühlt lagern bei +2° - 6°C."]},{"key":"Zutaten:","value":["Zutaten: MOLKENERZEUGNIS, 20% KÄSE, Wasser, 15% BERGKÄSE, BUTTER, natürliches KÄSE-Aroma, Schmelzsalze (Natriumpolyphosphate, Natriumdiphosphate, Natriumphosphate, Natriumcitrate), MILCHEIWEISS, Speisesalz, Säuerungsmittel: Milchsäure. In Großbuchstaben angegebene Zutaten enthalten allergene Inhaltsstoffe."]},{"key":"Allergene:","value":["Enthält:Milch und daraus gewonnene Erzeugnisse (inkl. Laktose)"]},{"key":"Kontakt:","value":["Rupp AG","Krüzastraße 8, 6912 Hörbranz, Österreich"]}],"nutritions":[{"key":"","value":"Unzubereitet"},{"key":" ","value":"100 g"},{"key":"Energie","value":"1103 kJ | 266 kcal"},{"key":"Fett","value":"22 g"},{"key":"Fett, davon gesättigte Fettsäuren","value":"14,1 g"},{"key":"Kohlenhydrate","value":"5,5 g"},{"key":"Kohlenhydrate, davon Zucker","value":"5,5 g"},{"key":"Eiweiß","value":"11,5 g"},{"key":"Salz","value":"2,25 g"}],"tags":["Gekühlt"]},
    {"url":"https://www.interspar.at/shop/lebensmittel/p/2020000777885","data":[{"key":"price","value":"1,65 €"},{"key":"oldPrice","value":"\n\t\t\t\t\t\n\t\t\t\t\t \n\t\t\t\t"},{"key":"pricePerUnit","value":"(11.00 €/kg)"},{"key":"productDetailsName","value":"Feinkost Spak - Tramezzini Diavolo - 150 G"},{"key":"detailsDescription","value":"150 G"},{"key":"articleNumber","value":"Artikelnummer: 2020000777885"},{"key":"Lagerhinweis:","value":["Gekühlt lagern bei +2°C bis +6°C. Nach dem Öffnen innerhalb von 5 Tagen verbrauchen."]},{"key":"Zutaten:","value":["Zutaten: Rapsöl, 12% Pfefferoni (Pfefferoni scharf, Säuerungsmittel: Citronensäure; Süßungsmittel: Saccharin; Konservierungsstoff: Natriumbenzoat), 14% HÜHNEREIEIWEISS gekocht, Trinkwasser, Kartoffel, Paprika, Karotte, Gurke, MAGERMILCH, SENFKORN, Zucker, Weingeistessig, Speisesalz, modifizierte Stärke, Gewürze, Zwiebel, Aroma, Verdickungsmittel: Xanthan, Guarkernmehl, Johannisbrotkernmehl; Säuerungsmittel: Milchsäure; Konservierungsstoff: Kaliumsorbat. In Großbuchstaben angegebene Zutaten enthalten allergene Inhaltsstoffe."]},{"key":"Allergene:","value":["Enthält:Eier und daraus gewonnene Erzeugnisse, Milch und daraus gewonnene Erzeugnisse (inkl. Laktose), Senf und daraus gewonnene Erzeugnisse"]},{"key":"Verbrauchen nach dem Öffnen:","value":["5 Tage"]},{"key":"Kontakt:","value":["SP Feinkost Vertriebs GmbH","Laxenburgerstraße 365, 1230 Wien, Österreich"]}],"nutritions":[{"key":"","value":"Unzubereitet"},{"key":" ","value":"100 g"},{"key":"Energie","value":"969 kJ | 235 kcal"},{"key":"Fett","value":"22 g"},{"key":"Fett, davon gesättigte Fettsäuren","value":"1,8 g"},{"key":"Kohlenhydrate","value":"5,9 g"},{"key":"Kohlenhydrate, davon Zucker","value":"4,2 g"},{"key":"Eiweiß","value":"2,3 g"},{"key":"Salz","value":"2,3 g"}],"tags":["Gekühlt"]},
    {"url":"https://www.interspar.at/shop/lebensmittel/p/2020001309832","data":[{"key":"price","value":"1,85 €"},{"key":"oldPrice","value":"\n\t\t\t\t\t\n\t\t\t\t\t \n\t\t\t\t"},{"key":"pricePerUnit","value":"(10.57 €/kg)"},{"key":"productDetailsName","value":"Rupp - Feinster Streich mit Camembert - 175 G"},{"key":"detailsDescription","value":"175 G"},{"key":"articleNumber","value":"Artikelnummer: 2020001309832"},{"key":"Lagerhinweis:","value":["Gekühlt lagern bei +2° - 6°C."]},{"key":"Zutaten:","value":["Zutaten: 42% CAMEMBERT, Wasser 9% KÄSE, BUTTER, MAGERMILCHPULVER, Schmelzsalze (Natriumpolyphosphate, Natriumdiphosphate). In Großbuchstaben angegebene Zutaten enthalten allergene Inhaltsstoffe."]},{"key":"Allergene:","value":["Enthält:Milch und daraus gewonnene Erzeugnisse (inkl. Laktose)"]},{"key":"Identitätskennzeichen:","value":["DE BY 77750 EG"]},{"key":"Kontakt:","value":["Rupp AG","Krüzastrasse 8, 6912 Hörbranz, Österreich"]}],"nutritions":[{"key":"","value":"Unzubereitet"},{"key":" ","value":"100 g"},{"key":"Energie","value":"958 kJ | 231 kcal"},{"key":"Fett","value":"18,4 g"},{"key":"Fett, davon gesättigte Fettsäuren","value":"11,9 g"},{"key":"Kohlenhydrate","value":"2,9 g"},{"key":"Kohlenhydrate, davon Zucker","value":"2,9 g"},{"key":"Eiweiß","value":"13,4 g"},{"key":"Salz","value":"2,2 g"}],"tags":["Gekühlt"]},
    {"url":"https://www.interspar.at/shop/lebensmittel/p/2020001681426","data":[{"key":"price","value":"1,99 €"},{"key":"oldPrice","value":"\n\t\t\t\t\t\n\t\t\t\t\t \n\t\t\t\t"},{"key":"pricePerUnit","value":"(4.15 €/kg)"},{"key":"productDetailsName","value":"Danone Activia - Joghurt Schwarze Johannisbeere 4 x 120g - 480 G"},{"key":"detailsDescription","value":"480 G"},{"key":"articleNumber","value":"Artikelnummer: 2020001681426"},{"key":"Lagerhinweis:","value":["Bei maximal +8 °C lagern."]},{"key":"Zutaten:","value":["ZUTATEN: JOGHURT, Zucker, 8% Schwarze Johannisbeeren, natürliches Aroma. Mit Bifidus Kultur ActiRegularis®. In Großbuchstaben angegebene Zutaten enthalten allergene Inhaltstoffe."]},{"key":"Allergene:","value":["Kann Spuren enthalten von:Glutenhaltiges Getreide und daraus hergestellte Erzeugnisse, Schalenfrüchte und daraus gewonnene Erzeugnisse","Enthält:Milch und daraus gewonnene Erzeugnisse (inkl. Laktose)"]},{"key":"Identitätskennzeichen:","value":["CZ 01 ES"]},{"key":"Kontakt:","value":["Danone GmbH","Technologiestraße 10, 1120 Wien, Österreich","+43 (0)1 / 211 57-207"]}],"nutritions":[{"key":"","value":"Unzubereitet"},{"key":" ","value":"100 g"},{"key":"Energie","value":"378 kJ | 90 kcal"},{"key":"Fett","value":"2,7 g"},{"key":"Fett, davon gesättigte Fettsäuren","value":"1,7 g"},{"key":"Kohlenhydrate","value":"12,5 g"},{"key":"Kohlenhydrate, davon Zucker","value":"12,1 g"},{"key":"Eiweiß","value":"3,6 g"},{"key":"Salz","value":"0,15 g"},{"key":"Kalzium","value":"122 mg | 15 %"},{"key":"","value":"Unzubereitet"},{"key":" ","value":"Portion (120 g)"},{"key":"Energie","value":"454 kJ | 108 kcal | 5 %"},{"key":"Fett","value":"3,2 g | 5 %"},{"key":"Fett, davon gesättigte Fettsäuren","value":"2 g | 10 %"},{"key":"Kohlenhydrate","value":"15 g | 6 %"},{"key":"Kohlenhydrate, davon Zucker","value":"14,5 g | 16 %"},{"key":"Eiweiß","value":"4,3 g | 9 %"},{"key":"Salz","value":"0,18 g | 3 %"},{"key":"Kalzium","value":"146 mg | 18 %"}],"tags":["immer Billig"]},
    {"url":"https://www.interspar.at/shop/lebensmittel/p/2020002061630","data":[{"key":"price","value":"1,99 €"},{"key":"oldPrice","value":"\n\t\t\t\t\t\n\t\t\t\t\t \n\t\t\t\t"},{"key":"pricePerUnit","value":"(4.15 €/kg)"},{"key":"productDetailsName","value":"Danone Activia - Feige & Amaranth, Sonnenb. 4x120g - 480 G"},{"key":"detailsDescription","value":"480 G"},{"key":"articleNumber","value":"Artikelnummer: 2020002061630"},{"key":"Lagerhinweis:","value":["Bei maximal +8 °C lagern."]},{"key":"Zutaten:","value":["Zutaten: JOGHURT, Zucker, 4% Feige, Oligofruktose, 0,8% HAFER, 0,8% Hirse, 0,8% Feigenpüree, 0,5% Amaranth, 0,5% Sonnenblumenkerne, 0,3% Erdbeersamen, färbendes Saftkonzentrat: Holunder, 0,1% WEIZENKÖRNER, natürliches Aroma. Mit Bifidus Kultur ActiRegularis®. Kann weitere glutenhaltige Getreide und Schalenfrüchte enthalten. In Großbuchstaben angegebene Zutaten enthalten allergene Inhaltstoffe."]},{"key":"Allergene:","value":["Kann Spuren enthalten von:Schalenfrüchte und daraus gewonnene Erzeugnisse","Enthält:Glutenhaltiges Getreide und daraus hergestellte Erzeugnisse, Milch und daraus gewonnene Erzeugnisse (inkl. Laktose)"]},{"key":"Zubereitung:","value":["Verzehrfertig"]},{"key":"Identitätskennzeichen:","value":["DE BY-601 EG"]},{"key":"Kontakt:","value":["Danone GmbH","Technologiestraße 10, 1120 Wien, Österreich","+43 (0)1 / 211 57-207"]}],"nutritions":[{"key":"","value":"Unzubereitet"},{"key":" ","value":"100 g"},{"key":"Energie","value":"479 kJ | 114 kcal"},{"key":"Fett","value":"3,8 g"},{"key":"Fett, davon gesättigte Fettsäuren","value":"2,2 g"},{"key":"Kohlenhydrate","value":"14,8 g"},{"key":"Kohlenhydrate, davon Zucker","value":"13,3 g"},{"key":"Ballaststoffe","value":"2,2 g"},{"key":"Eiweiß","value":"4,1 g"},{"key":"Salz","value":"0,1 g"},{"key":"Kalzium","value":"129 mg | 16 %"},{"key":"","value":"Unzubereitet"},{"key":" ","value":"Portion (120 g)"},{"key":"Energie","value":"575 kJ | 137 kcal | 7 %"},{"key":"Fett","value":"4,6 g | 7 %"},{"key":"Fett, davon gesättigte Fettsäuren","value":"2,6 g | 13 %"},{"key":"Kohlenhydrate","value":"17,8 g | 7 %"},{"key":"Kohlenhydrate, davon Zucker","value":"16 g | 18 %"},{"key":"Ballaststoffe","value":"2,6 g"},{"key":"Eiweiß","value":"4,9 g | 10 %"},{"key":"Salz","value":"0,12 g | 2 %"},{"key":"Kalzium","value":"155 mg | 19 %"}],"tags":["immer Billig"]},
    {"url":"https://www.interspar.at/shop/lebensmittel/p/2031330","data":[{"key":"price","value":"1,99 €"},{"key":"oldPrice","value":"\n\t\t\t\t\t\n\t\t\t\t\t \n\t\t\t\t"},{"key":"pricePerUnit","value":"(3.98 €/kg)"},{"key":"productDetailsName","value":"Danone Disney - Joghurt Erdbeere-Banane 4 x 125g - 500 G"},{"key":"detailsDescription","value":"500 G"},{"key":"articleNumber","value":"Artikelnummer: 2031330"},{"key":"Lagerhinweis:","value":["Kühl bei maximal +8°C lagern."]},{"key":"Zutaten:","value":["Zutaten:  JOGHURT, Zucker, 5% Erdbeeren, 5% Bananen, färbendes Rote Bete Saftkonzentrat, natürliches Aroma, Verdickungsmittel Pektin. In Großbuchstaben angegebene Zutaten enthalten allergene Inhaltsstoffe."]},{"key":"Allergene:","value":["Kann Spuren enthalten von:Eier und daraus gewonnene Erzeugnisse, Glutenhaltiges Getreide und daraus hergestellte Erzeugnisse","Enthält:Milch und daraus gewonnene Erzeugnisse (inkl. Laktose)"]},{"key":"Identitätskennzeichen:","value":["DE BY-601 EG"]},{"key":"Kontakt:","value":["Danone GmbH","Technologiestraße 10, 1120 Wien, Österreich"]}],"nutritions":[{"key":"","value":"Unzubereitet"},{"key":" ","value":"100 g"},{"key":"Energie","value":"394 kJ | 93 kcal | 5 %"},{"key":"Fett","value":"3 g | 4 %"},{"key":"Fett, davon gesättigte Fettsäuren","value":"1,9 g | 10 %"},{"key":"Kohlenhydrate","value":"13,2 g | 5 %"},{"key":"Kohlenhydrate, davon Zucker","value":"12,8 g | 15 %"},{"key":"Eiweiß","value":"3,5 g | 7 %"},{"key":"Salz","value":"0,14 g | 2 %"}],"tags":[]},
    {"url":"https://www.interspar.at/shop/lebensmittel/p/3046470","data":[{"key":"price","value":"0,99 €"},{"key":"oldPrice","value":"\n\t\t\t\t\t\n\t\t\t\t\t \n\t\t\t\t"},{"key":"pricePerUnit","value":"(19.90 €/kg)"},{"key":"productDetailsName","value":"Rambol - Creme Nuss - 1 KG"},{"key":"detailsDescription","value":"1 KG"},{"key":"articleNumber","value":"Artikelnummer: 3046470"},{"key":"Lagerhinweis:","value":["Gekühlt bei 4-6°C lagern."]},{"key":"Zutaten:","value":["Zutaten: KÄSE 35%, MAGERMILCH, Wasser, BUTTER, Schalenfrüchte 6% (WALNUSS 3,5%*, CASHEWNUSS), MILCHEIWEISS, Schmelzsalze: E452, E450, E339; Speisesalz, Verdickungsmittel: E407, E410; Aroma (enthält SELLERIE); Karamell; Säuerungsmittel: E270. *bezogen aufs Gesamtgewicht. In Großbuchstaben angegebene Zutaten enthalten allergene Inhaltsstoffe."]},{"key":"Allergene:","value":["Enthält:Milch und daraus gewonnene Erzeugnisse (inkl. Laktose), Schalenfrüchte und daraus gewonnene Erzeugnisse, Sellerie und daraus gewonnene Erzeugnisse"]},{"key":"Identitätskennzeichen:","value":["FR 78.537.001 CE"]},{"key":"Zusatztext:","value":["Weintipp: Leichte Rotweine wie St. Laurent oder Zweigelt, Roséweine aus Niederösterreich, spritzige Weißweine"]},{"key":"Ursprungsland/Herkunftsort:","value":["Frankreich"]},{"key":"Kontakt:","value":["Savencia","Postfach 45, 1104 Wien, Österreich"]}],"nutritions":[{"key":"","value":"Unzubereitet"},{"key":" ","value":"100 g"},{"key":"Energie","value":"1223 kJ | 295 kcal"},{"key":"Fett","value":"25 g"},{"key":"Fett, davon gesättigte Fettsäuren","value":"17 g"},{"key":"Kohlenhydrate","value":"3,5 g"},{"key":"Kohlenhydrate, davon Zucker","value":"1 g"},{"key":"Ballaststoffe","value":"0 g"},{"key":"Eiweiß","value":"14 g"},{"key":"Salz","value":"2,1 g"}],"tags":["Gekühlt","Glutenfrei"]},
    {"url":"https://www.interspar.at/shop/lebensmittel/p/3046630","data":[{"key":"price","value":"1,04 €"},{"key":"oldPrice","value":"\n\t\t\t\t\t\n\t\t\t\t\t \n\t\t\t\t"},{"key":"pricePerUnit","value":"(20.90 €/kg)"},{"key":"productDetailsName","value":"Rambol - Schmelzkäse - 1 KG"},{"key":"detailsDescription","value":"1 KG"},{"key":"articleNumber","value":"Artikelnummer: 3046630"},{"key":"Zutaten:","value":["Zutaten: KÄSE (30%), rekonstituierte MAGERMILCH, Butter (MILCH), SCHALENFRÜCHTE (davon 7,5% WALNÜSSE), Wasser, MILCHEIWEISS, Schmelzsalze E452, E339, Speisesalze, Verdickungsmittel Carrageen, Johannisbrotkernmehl, Aroma (enthält SELLERIE), Karamell, Konservierungsmittel: E200, E202 Kann Spuren von Cashewnüssen enthalten."]},{"key":"Allergene:","value":["Enthält:Milch und daraus gewonnene Erzeugnisse (inkl. Laktose), Schalenfrüchte und daraus gewonnene Erzeugnisse, Sellerie und daraus gewonnene Erzeugnisse"]}],"nutritions":[{"key":"","value":"Zubereitet"},{"key":" ","value":"100 g"},{"key":"Energie","value":"311 kJ | 1288 kcal"},{"key":"Fett","value":"27 g"},{"key":"Fett, davon gesättigte Fettsäuren","value":"16 g"},{"key":"Kohlenhydrate","value":"3 g"},{"key":"Kohlenhydrate, davon Zucker","value":"3 g"},{"key":"Ballaststoffe","value":"0 g"},{"key":"Eiweiß","value":"14 g"},{"key":"Salz","value":"2,1 g"},{"key":"Broteinheiten","value":"0,3 BE"}],"tags":["Gekühlt","Glutenfrei"]},
    {"url":"https://www.interspar.at/shop/lebensmittel/p/3893395","data":[{"key":"price","value":"2,19 €"},{"key":"oldPrice","value":"\n\t\t\t\t\t\n\t\t\t\t\t \n\t\t\t\t"},{"key":"pricePerUnit","value":"(8.76 €/kg)"},{"key":"productDetailsName","value":"Arla - ungesalzen - 250 G"},{"key":"detailsDescription","value":"250 G"},{"key":"articleNumber","value":"Artikelnummer: 3893395"},{"key":"Lagerhinweis:","value":["Bei max. +8°C lagern."]},{"key":"Zutaten:","value":["Zutaten: BUTTER (69%), Rapsöl (19%), Wasser, MILCHSÄUREKULTUR. In Großbuchstaben angegebene Zutaten enthalten allergene Inhaltstoffe."]},{"key":"Allergene:","value":["Enthält:Milch und daraus gewonnene Erzeugnisse (inkl. Laktose)"]},{"key":"Identitätskennzeichen:","value":["DK M199 EC"]},{"key":"Kontakt:","value":["Arla Foods Deutschland GmbH","Wahlerstr. 2, 40472 Düsseldorf, Deutschland"]}],"nutritions":[{"key":"","value":"Unzubereitet"},{"key":" ","value":"100 g"},{"key":"Energie","value":"2794 kJ | 679 kcal"},{"key":"Fett","value":"75 g"},{"key":"Fett, davon gesättigte Fettsäuren","value":"37 g"},{"key":"Kohlenhydrate","value":"0,6 g"},{"key":"Kohlenhydrate, davon Zucker","value":"0,6 g"},{"key":"Eiweiß","value":"0,5 g"},{"key":"Salz","value":"< 0,01 g"}],"tags":["Glutenfrei"]},
    {"url":"https://www.interspar.at/shop/lebensmittel/p/4666332","data":[{"key":"price","value":"2,99 €"},{"key":"oldPrice","value":"\n\t\t\t\t\t\n\t\t\t\t\t \n\t\t\t\t"},{"key":"pricePerUnit","value":"(17.59 €/kg)"},{"key":"productDetailsName","value":"Bonbel - Cremig-Würzig Chili - 170 G"},{"key":"detailsDescription","value":"170 G"},{"key":"articleNumber","value":"Artikelnummer: 4666332"},{"key":"Lagerhinweis:","value":["Gekühlt bei +2°C bis +8°C aufbewahren."]},{"key":"Zutaten:","value":["Zutaten: pasteurisierte MILCH, MILCHEIWEISS, Salz, Milchsäurebakterien, mikrobielles Lab, Chili, Farbstoff: Annatto.   In Großbuchstaben angegebene Zutaten enthalten allergene Inhaltsstoffe."]},{"key":"Allergene:","value":["Enthält:Milch und daraus gewonnene Erzeugnisse (inkl. Laktose)"]},{"key":"","value":["Ohne Zusatz von Konservierungsstoffen"]},{"key":"","value":["Laktosefrei"]},{"key":"Identitätskennzeichen:","value":["BE FR 282 CE"]},{"key":"Zusatztext:","value":["Essbare Rinde"]},{"key":"Kontakt:","value":["Fromageries Bel Österreich","Wehlistraße 27b, Stiege 1, Tür 6, 1200 Wien, Österreich"]}],"nutritions":[{"key":"","value":"Unzubereitet"},{"key":" ","value":"100 g"},{"key":"Energie","value":"1360 kJ | 327 kcal"},{"key":"Fett","value":"27 g"},{"key":"Fett, davon gesättigte Fettsäuren","value":"18 g"},{"key":"Kohlenhydrate","value":"< 0,1 g"},{"key":"Kohlenhydrate, davon Zucker","value":"< 0,1 g"},{"key":"Eiweiß","value":"21 g"},{"key":"Salz","value":"1,6 g"}],"tags":["Gekühlt","Lactosefrei"]},
    {"url":"https://www.interspar.at/shop/lebensmittel/p/6801632","data":[{"key":"price","value":"1,99 €"},{"key":"oldPrice","value":"\n\t\t\t\t\t\n\t\t\t\t\t \n\t\t\t\t"},{"key":"pricePerUnit","value":"(4.15 €/kg)"},{"key":"productDetailsName","value":"Danone Activia - Joghurt Cerealien 4 x 120g - 480 G"},{"key":"detailsDescription","value":"480 G"},{"key":"articleNumber","value":"Artikelnummer: 6801632"},{"key":"Lagerhinweis:","value":["Kühl bei maximal + 8°C lagern."]},{"key":"Zutaten:","value":["Zutaten: JOGHURT, Zucker, 2% Apfel, 1,5% Cerealien (0,6% WEIZEN, 0,4% GERSTE, 0,3% HAFER, 0,2% WEIZENKLEIE), natürliches Aroma. Mit Bifidus Kultur ActiRegularis®. In Großbuchstaben angegebene Zutaten enthalten allergene Inhaltsstoffe."]},{"key":"Allergene:","value":["Kann Spuren enthalten von:Schalenfrüchte und daraus gewonnene Erzeugnisse","Enthält:Glutenhaltiges Getreide und daraus hergestellte Erzeugnisse, Milch und daraus gewonnene Erzeugnisse (inkl. Laktose)"]},{"key":"Identitätskennzeichen:","value":["CZ 01 ES"]},{"key":"Kontakt:","value":["Danone GmbH","Technologiestraße 10, 1120 Wien, Österreich"]}],"nutritions":[{"key":" ","value":"100 g"},{"key":"","value":"Unzubereitet"},{"key":"Energie","value":"400 kJ | 95 kcal | 5 %"},{"key":"Fett","value":"2,7 g | 4 %"},{"key":"Fett, davon gesättigte Fettsäuren","value":"1,7 g | 9 %"},{"key":"Kohlenhydrate","value":"13,8 g | 5 %"},{"key":"Kohlenhydrate, davon Zucker","value":"12,9 g | 14 %"},{"key":"Eiweiß","value":"3,7 g | 7 %"},{"key":"Salz","value":"0,14 g | 2 %"},{"key":"Kalzium","value":"120 mg | 15 %"}],"tags":["immer Billig"]},
    {"url":"https://www.interspar.at/shop/lebensmittel/p/6801649","data":[{"key":"price","value":"1,99 €"},{"key":"oldPrice","value":"\n\t\t\t\t\t\n\t\t\t\t\t \n\t\t\t\t"},{"key":"pricePerUnit","value":"(4.15 €/kg)"},{"key":"productDetailsName","value":"Danone Activia - Joghurt Erdbeere 4 x 120g - 480 G"},{"key":"detailsDescription","value":"480 G"},{"key":"articleNumber","value":"Artikelnummer: 6801649"},{"key":"Lagerhinweis:","value":["Kühl bei maximal + 8°C lagern."]},{"key":"Zutaten:","value":["Zutaten: JOGHURT, Zucker, 9% Erdbeeren, färbendes Konzentrat (Rote Bete), natürliches Aroma. Mit Bifidus Kultur ActiRegularis®. In Großbuchstaben angegebene Zutaten enthalten allergene Inhaltsstoffe."]},{"key":"Allergene:","value":["Kann Spuren enthalten von:Fische und daraus gewonnene Erzeugnisse, Schalenfrüchte und daraus gewonnene Erzeugnisse","Enthält:Milch und daraus gewonnene Erzeugnisse (inkl. Laktose)"]},{"key":"Identitätskennzeichen:","value":["CZ 01 ES"]},{"key":"Kontakt:","value":["Danone GmbH","Technologiestraße 10, 1120 Wien, Österreich"]}],"nutritions":[{"key":" ","value":"100 g"},{"key":"","value":"Unzubereitet"},{"key":"Energie","value":"391 kJ | 94 kcal | 5 %"},{"key":"Fett","value":"2,7 g | 4 %"},{"key":"Fett, davon gesättigte Fettsäuren","value":"1,7 g | 9 %"},{"key":"Kohlenhydrate","value":"13,5 g | 5 %"},{"key":"Kohlenhydrate, davon Zucker","value":"13,1 g | 14 %"},{"key":"Eiweiß","value":"3,6 g | 7 %"},{"key":"Salz","value":"0,15 g | 2 %"},{"key":"Kalzium","value":"130 mg | 16 %"}],"tags":["immer Billig"]},
    {"url":"https://www.interspar.at/shop/lebensmittel/p/6801694","data":[{"key":"price","value":"1,99 €"},{"key":"oldPrice","value":"\n\t\t\t\t\t\n\t\t\t\t\t \n\t\t\t\t"},{"key":"pricePerUnit","value":"(4.15 €/kg)"},{"key":"productDetailsName","value":"Danone Activia - Joghurt Müsli 4 x 120g - 480 G"},{"key":"detailsDescription","value":"480 G"},{"key":"articleNumber","value":"Artikelnummer: 6801694"},{"key":"Lagerhinweis:","value":["Kühl bei maximal +8°C lagern."]},{"key":"Zutaten:","value":["Zutaten: JOGHURT, Zucker, 2% Apfel, 1% Rosinen, 0,9% HAFER, 0,6% WEIZEN, 0,3% HASELNÜSSE, 0,2% MANDELN, natürliches Aroma. Mit Bifidus Kultur ActiRegularis®. In Großbuchstaben angegebene Zutaten enthalten allergene Inhaltsstoffe."]},{"key":"Allergene:","value":["Enthält:Glutenhaltiges Getreide und daraus hergestellte Erzeugnisse, Milch und daraus gewonnene Erzeugnisse (inkl. Laktose), Schalenfrüchte und daraus gewonnene Erzeugnisse"]},{"key":"Identitätskennzeichen:","value":["CZ 01 ES"]},{"key":"Kontakt:","value":["Danone GmbH","Technologiestraße 10, 1120 Wien, Österreich"]}],"nutritions":[{"key":"","value":"Unzubereitet"},{"key":" ","value":"100 g"},{"key":"Energie","value":"410 kJ | 98 kcal | 5 %"},{"key":"Fett","value":"3 g | 4 %"},{"key":"Fett, davon gesättigte Fettsäuren","value":"1,7 g | 9 %"},{"key":"Kohlenhydrate","value":"13,6 g | 5 %"},{"key":"Kohlenhydrate, davon Zucker","value":"12,6 g | 14 %"},{"key":"Eiweiß","value":"3,8 g | 8 %"},{"key":"Salz","value":"0,14 g | 2 %"},{"key":"Kalzium","value":"120 mg | 15 %"}],"tags":["immer Billig"]},
    {"url":"https://www.interspar.at/shop/lebensmittel/p/6801700","data":[{"key":"price","value":"1,99 €"},{"key":"oldPrice","value":"\n\t\t\t\t\t\n\t\t\t\t\t \n\t\t\t\t"},{"key":"pricePerUnit","value":"(4.15 €/kg)"},{"key":"productDetailsName","value":"Danone Activia - Joghurt Dörrpflaume  4 x 120g - 480 G"},{"key":"detailsDescription","value":"480 G"},{"key":"articleNumber","value":"Artikelnummer: 6801700"},{"key":"Lagerhinweis:","value":["Kühl bei maximal + 8°C lagern."]},{"key":"Zutaten:","value":["Zutaten: JOGHURT, Zucker, 2% getrocknete Pflaumen, 0,8% Pflaumen, färbender Karamellzuckersirup, Aroma. Mit Bifidus Kultur ActiRegularis®. In Großbuchstaben angegebene Zutaten enthalten allergene Inhaltsstoffe."]},{"key":"Allergene:","value":["Enthält:Milch und daraus gewonnene Erzeugnisse (inkl. Laktose)"]},{"key":"Identitätskennzeichen:","value":["DE BY-119 EG"]},{"key":"Kontakt:","value":["Danone GmbH","Technologiestraße 10, 1120 Wien, Österreich"]}],"nutritions":[{"key":"","value":"Unzubereitet"},{"key":" ","value":"100 g"},{"key":"Energie","value":"392 kJ | 93 kcal | 5 %"},{"key":"Fett","value":"2,7 g | 4 %"},{"key":"Fett, davon gesättigte Fettsäuren","value":"1,7 g | 9 %"},{"key":"Kohlenhydrate","value":"13,5 g | 5 %"},{"key":"Kohlenhydrate, davon Zucker","value":"12,9 g | 14 %"},{"key":"Eiweiß","value":"3,6 g | 7 %"},{"key":"Salz","value":"0,13 g | 2 %"},{"key":"Kalzium","value":"120 mg | 15 %"}],"tags":["immer Billig"]},
    {"url":"https://www.interspar.at/shop/lebensmittel/p/6981778","data":[{"key":"price","value":"1,85 €"},{"key":"oldPrice","value":"\n\t\t\t\t\t\n\t\t\t\t\t \n\t\t\t\t"},{"key":"pricePerUnit","value":"(10.57 €/kg)"},{"key":"productDetailsName","value":"Rupp - Feinster Streich mit Emmentaler - 175 G"},{"key":"detailsDescription","value":"175 G"},{"key":"articleNumber","value":"Artikelnummer: 6981778"},{"key":"Lagerhinweis:","value":["Gekühlt lagern!"]},{"key":"Zutaten:","value":["Zutaten: 32% KÄSE, MOLKENKONZENTRAT, 13% EMMENTALER, Wasser, BUTTER, Schmelzsalze (Polyphosphate, Diphosphate, Natriumphosphate), Aroma. In Großbuchstaben angegebene Zutaten enthalten allergene Inhaltsstoffe."]},{"key":"Allergene:","value":["Enthält:Milch und daraus gewonnene Erzeugnisse (inkl. Laktose)"]},{"key":"Kontakt:","value":["Rupp AG","Krüzastraße 8, 6912 Hörbranz, Österreich"]}],"nutritions":[{"key":"","value":"Unzubereitet"},{"key":" ","value":"100 g"},{"key":"Energie","value":"961 kJ | 232 kcal"},{"key":"Fett","value":"19 g"},{"key":"Fett, davon gesättigte Fettsäuren","value":"12,3 g"},{"key":"Kohlenhydrate","value":"2,5 g"},{"key":"Kohlenhydrate, davon Zucker","value":"2,5 g"},{"key":"Eiweiß","value":"12,7 g"},{"key":"Salz","value":"2 g"}],"tags":["Gekühlt"]},
    {"url":"https://www.interspar.at/shop/lebensmittel/p/6983208","data":[{"key":"price","value":"1,85 €"},{"key":"oldPrice","value":"\n\t\t\t\t\t\n\t\t\t\t\t \n\t\t\t\t"},{"key":"pricePerUnit","value":"(10.57 €/kg)"},{"key":"productDetailsName","value":"Rupp - Feinster Streich mit Gouda - 175 G"},{"key":"detailsDescription","value":"175 G"},{"key":"articleNumber","value":"Artikelnummer: 6983208"},{"key":"Lagerhinweis:","value":["Gekühlt lagern!"]},{"key":"Zutaten:","value":["Zutaten: 25% GOUDA, MOLKENKONZENTRAT, Wasser, BUTTER, 11% KÄSE, MILCHEIWEISS, Schmelzsalze (Polyphosphate, Diphosphate, Trinatriumcitrat, Natriumphosphate), Aroma, Farbstoff (Carotin). In Großbuchstaben angegebene Zutaten enthalten allergene Inhaltsstoffe."]},{"key":"Allergene:","value":["Enthält:Milch und daraus gewonnene Erzeugnisse (inkl. Laktose)"]},{"key":"Kontakt:","value":["Rupp AG","Krüzastraße 8, 6912 Hörbranz, Österreich"]}],"nutritions":[{"key":"","value":"Unzubereitet"},{"key":" ","value":"100 g"},{"key":"Energie","value":"1090 kJ | 263 kcal"},{"key":"Fett","value":"21,1 g"},{"key":"Fett, davon gesättigte Fettsäuren","value":"13,7 g"},{"key":"Kohlenhydrate","value":"6,4 g"},{"key":"Kohlenhydrate, davon Zucker","value":"6,4 g"},{"key":"Eiweiß","value":"11,8 g"},{"key":"Salz","value":"2 g"}],"tags":["Gekühlt"]},
    {"url":"https://www.interspar.at/shop/lebensmittel/p/7580260","data":[{"key":"price","value":"1,99 €"},{"key":"oldPrice","value":"\n\t\t\t\t\t\n\t\t\t\t\t \n\t\t\t\t"},{"key":"pricePerUnit","value":"(4.15 €/kg)"},{"key":"productDetailsName","value":"Danone Activia - Joghurt Kirsche 4 x 120g - 480 G"},{"key":"detailsDescription","value":"480 G"},{"key":"articleNumber","value":"Artikelnummer: 7580260"},{"key":"Lagerhinweis:","value":["Kühl bei maximal +8°C lagern."]},{"key":"Zutaten:","value":["Zutaten: JOGHURT, Zucker, 8% Kirschen, färbende Konzentrate (schwarze Karotte und Traube), Aroma. Mit Bifidus Kultur ActiRegularis®. In Großbuchstaben angegebene Zutaten enthalten allergene Inhaltsstoffe."]},{"key":"Allergene:","value":["Enthält:Milch und daraus gewonnene Erzeugnisse (inkl. Laktose)"]},{"key":"Identitätskennzeichen:","value":["Benesov CZ 01 ES"]},{"key":"Kontakt:","value":["Danone GmbH","Technologiestraße 10, 1120 Wien, Österreich"]}],"nutritions":[{"key":"","value":"Unzubereitet"},{"key":" ","value":"100 g"},{"key":"Energie","value":"394 kJ | 93 kcal | 5 %"},{"key":"Fett","value":"2,7 g | 4 %"},{"key":"Fett, davon gesättigte Fettsäuren","value":"1,7 g | 9 %"},{"key":"Kohlenhydrate","value":"13,6 g | 5 %"},{"key":"Kohlenhydrate, davon Zucker","value":"13 g | 14 %"},{"key":"Eiweiß","value":"3,6 g | 7 %"},{"key":"Salz","value":"0,17 g | 3 %"},{"key":"Kalzium","value":"120 mg | 15 %"}],"tags":["immer Billig"]},
    {"url":"https://www.interspar.at/shop/lebensmittel/p/8211101","data":[{"key":"price","value":"1,99 €"},{"key":"oldPrice","value":"\n\t\t\t\t\t\n\t\t\t\t\t \n\t\t\t\t"},{"key":"pricePerUnit","value":"(4.15 €/kg)"},{"key":"productDetailsName","value":"Danone Activia - Joghurt Beerenmix - 480 G"},{"key":"detailsDescription","value":"480 G"},{"key":"articleNumber","value":"Artikelnummer: 8211101"},{"key":"Lagerhinweis:","value":["Bei maximal +8°C lagern."]},{"key":"Zutaten:","value":["Zutaten: JOGHURT, Zucker, 4,5% Brombeeren, 3,5% Himbeeren, modifizierte Stärke, Aroma, Verdickungsmittel: Johannisbrotkernmehl, färbendes Holunderkonzentrat. Mit Bifidus Kultur ActiRegularis®. In Großbuchstaben angegebene Zutaten enthalten allergene Inhaltstoffe."]},{"key":"Allergene:","value":["Kann Spuren enthalten von:Glutenhaltiges Getreide und daraus hergestellte Erzeugnisse, Schalenfrüchte und daraus gewonnene Erzeugnisse","Enthält:Milch und daraus gewonnene Erzeugnisse (inkl. Laktose)"]},{"key":"Identitätskennzeichen:","value":["CZ 01 ES"]},{"key":"Kontakt:","value":["Danone GmbH","Technologiestraße 10, 1120 Wien, Österreich"]}],"nutritions":[{"key":" ","value":"100 g"},{"key":"","value":"Unzubereitet"},{"key":"Energie","value":"387 kJ | 92 kcal | 5 %"},{"key":"Fett","value":"2,7 g | 4 %"},{"key":"Fett, davon gesättigte Fettsäuren","value":"1,7 g | 9 %"},{"key":"Kohlenhydrate","value":"13,1 g | 5 %"},{"key":"Kohlenhydrate, davon Zucker","value":"12,6 g | 14 %"},{"key":"Eiweiß","value":"3,6 g | 7 %"},{"key":"Salz","value":"0,16 g | 3 %"},{"key":"Kalzium","value":"120 mg | 15 %"}],"tags":["immer Billig"]},
    {"url":"https://www.interspar.at/shop/lebensmittel/p/2020000613350","data":[{"key":"price","value":"1,95 €"},{"key":"oldPrice","value":"\n\t\t\t\t\t\n\t\t\t\t\t \n\t\t\t\t"},{"key":"pricePerUnit","value":"(15.60 €/kg)"},{"key":"productDetailsName","value":"Schärdinger - St. Severin Weichkäse 3 Ecken - 125 G"},{"key":"detailsDescription","value":"125 G"},{"key":"articleNumber","value":"Artikelnummer: 2020000613350"},{"key":"Lagerhinweis:","value":["Vor und nach dem Öffnen gekühlt lagern. Nach dem Öffnen innerhalb weniger Tage verbrauchen."]},{"key":"Zutaten:","value":["Zutaten: MILCH, Salz, tierisches Lab, Farbstoff: Beta Carotin; Käsereikulturen. In Großbuchstaben angegebene Zutaten enthalten allergene Inhaltsstoffe."]},{"key":"Allergene:","value":["Enthält:Milch und daraus gewonnene Erzeugnisse (inkl. Laktose)"]},{"key":"","value":["Laktosefrei"]},{"key":"Identitätskennzeichen:","value":["AT 60212 EG"]},{"key":"Kontakt:","value":["Berglandmilch eGen","Schubertstraße 30, 4600 Wels, Österreich"]}],"nutritions":[{"key":"","value":"Unzubereitet"},{"key":" ","value":"100 g"},{"key":"Energie","value":"1433 kJ | 346 kcal"},{"key":"Fett","value":"30 g"},{"key":"Fett, davon gesättigte Fettsäuren","value":"19 g"},{"key":"Kohlenhydrate","value":"0 g"},{"key":"Kohlenhydrate, davon Zucker","value":"0 g"},{"key":"Eiweiß","value":"19 g"},{"key":"Salz","value":"1,6 g"}],"tags":["Gekühlt","Lactosefrei"]},
    {"url":"https://www.interspar.at/shop/lebensmittel/p/2020000620013","data":[{"key":"price","value":"1,95 €"},{"key":"oldPrice","value":"\n\t\t\t\t\t\n\t\t\t\t\t \n\t\t\t\t"},{"key":"pricePerUnit","value":"(15.60 €/kg)"},{"key":"productDetailsName","value":"Schärdinger - Weinkäse - 125 G"},{"key":"detailsDescription","value":"125 G"},{"key":"articleNumber","value":"Artikelnummer: 2020000620013"},{"key":"Lagerhinweis:","value":["Vor und nach dem Öffnen gekühlt lagern. Nach dem Öffnen alsbald verbrauchen."]},{"key":"Allergene:","value":["Enthält:Milch und daraus gewonnene Erzeugnisse (inkl. Laktose)"]},{"key":"","value":["Laktosefrei"]},{"key":"Identitätskennzeichen:","value":["AT 62640 EG"]},{"key":"Ursprungsland/Herkunftsort:","value":["Österreich"]},{"key":"Kontakt:","value":["Berglandmilch eGen","Schubertstraße 30, 4600 Wels, Österreich"]}],"nutritions":[{"key":"","value":"Unzubereitet"},{"key":" ","value":"100 g"},{"key":"Energie","value":"1658 kJ | 401 kcal"},{"key":"Fett","value":"37 g"},{"key":"Fett, davon gesättigte Fettsäuren","value":"24 g"},{"key":"Kohlenhydrate","value":"0 g"},{"key":"Kohlenhydrate, davon Zucker","value":"0 g"},{"key":"Eiweiß","value":"17 g"},{"key":"Salz","value":"1,6 g"}],"tags":["Gekühlt","Lactosefrei"]},
    {"url":"https://www.interspar.at/shop/lebensmittel/p/2020001302055","data":[{"key":"price","value":"1,89 €"},{"key":"oldPrice","value":"\n\t\t\t\t\t\n\t\t\t\t\t \n\t\t\t\t"},{"key":"pricePerUnit","value":"(12.60 €/kg)"},{"key":"productDetailsName","value":"Schärdinger - Bergbaron Creme geräuchert - 150 G"},{"key":"detailsDescription","value":"150 G"},{"key":"articleNumber","value":"Artikelnummer: 2020001302055"},{"key":"Lagerhinweis:","value":["Vor und nach dem Öffnen gekühlt (3-6°C) lagern. Nach dem Öffnen innerhalb weniger Tage verbrauchen."]},{"key":"Zutaten:","value":["Zutaten: Käse 56% (MILCH, Salz, Käsereikulturen, mikrobielles Lab, Farbstoff Beta-Carotin, Rauch), Wasser, BUTTER, Schmelzsalze: Polyphosphate, Natriumphosphate; Säureregulator: Citronensäure; Verdickungsmittel: Johannisbrotkernmehl. In Großbuchstaben angegeben Zutaten enthalten allergene Inhaltsstoffe."]},{"key":"Allergene:","value":["Enthält:Milch und daraus gewonnene Erzeugnisse (inkl. Laktose)"]},{"key":"","value":["Laktosefrei"]},{"key":"Identitätskennzeichen:","value":["AT 30751 EG"]},{"key":"Kontakt:","value":["Berglandmilch eGen","Schubertstraße 30, 4600 Wels, Österreich"]}],"nutritions":[{"key":"","value":"Unzubereitet"},{"key":" ","value":"100 g"},{"key":"Energie","value":"939 kJ | 226 kcal"},{"key":"Fett","value":"18 g"},{"key":"Fett, davon gesättigte Fettsäuren","value":"12 g"},{"key":"Kohlenhydrate","value":"0 g"},{"key":"Kohlenhydrate, davon Zucker","value":"0 g"},{"key":"Eiweiß","value":"16 g"},{"key":"Salz","value":"0,7 g"}],"tags":["Gekühlt","Lactosefrei"]},
    {"url":"https://www.interspar.at/shop/lebensmittel/p/2020001504305","data":[{"key":"price","value":"2,99 €"},{"key":"oldPrice","value":"\n\t\t\t\t\t\n\t\t\t\t\t \n\t\t\t\t"},{"key":"pricePerUnit","value":"(11.96 €/kg)"},{"key":"productDetailsName","value":"Gusteria - Burger-Cheese Classic - 250 G"},{"key":"detailsDescription","value":"250 G"},{"key":"articleNumber","value":"Artikelnummer: 2020001504305"},{"key":"Lagerhinweis:","value":["Geöffnete Packung gekühlt lagern und innerhalb von 2 Tagen aufbrauchen"]},{"key":"Zutaten:","value":["Zutaten: pasteurisierte KUHMILCH, Speisesalz, mikrobielles Lab. Burger-Creme: Rapsöl, Wasser, 15% Tomatenmark (entspricht 40g Tomaten je 100g Sauce), Weingeistessig, Zucker, 5% Gurken, Zwiebel, EIGELB, Salz, SENFSAAT, Gewürze (mit SELLERIE), modifizierte Maisstärke, Verdickungsmittel (Xanthan), natürliches Aroma. In Großbuchstaben angegebene Zutaten enthalten allergene Inhaltsstoffe."]},{"key":"Allergene:","value":["Enthält:Eier und daraus gewonnene Erzeugnisse, Milch und daraus gewonnene Erzeugnisse (inkl. Laktose), Sellerie und daraus gewonnene Erzeugnisse, Senf und daraus gewonnene Erzeugnisse"]},{"key":"","value":["Ohne Konservierungsstoffe","Ohne Farbstoffe"]},{"key":"Zubereitung:","value":["FrittierenZubereitung in der Fritteuse: Burger-Cheese 3 bis 4 Minuten bei 165° frittieren.","Braten mit wenig FettZubereitung in der Pfanne: Burger-Cheese beidseitig jeweils 2 bis 3 Minuten anbraten.","Grillen/Braten mit OberhitzeZubereitung am Grill: Burger-Cheese am Grill beidseitig jeweils 2 bis 3 Minuten grillen.","Zubereitung in der MikrowelleZubereitung in der Mikrowelle: Burger-Cheese bei 800 Watt 30 Sekunden erwärmen."]},{"key":"Identitätskennzeichen:","value":["AT 31085 EG"]}],"nutritions":[{"key":"","value":"Unzubereitet"},{"key":" ","value":"100 g"},{"key":"Energie","value":"1003 kJ | 241 kcal"},{"key":"Fett","value":"18,6 g"},{"key":"Fett, davon gesättigte Fettsäuren","value":"13,4 g"},{"key":"Kohlenhydrate","value":"2 g"},{"key":"Kohlenhydrate, davon Zucker","value":"2 g"},{"key":"Eiweiß","value":"16,5 g"},{"key":"Salz","value":"2 g"},{"key":"Broteinheiten","value":"0,2 BE"},{"key":"","value":"Unzubereitet"},{"key":" ","value":"100 g"},{"key":"Energie","value":"1583 kJ | 383 kcal"},{"key":"Fett","value":""},{"key":"Fett, davon gesättigte Fettsäuren","value":""},{"key":"Kohlenhydrate","value":""},{"key":"Kohlenhydrate, davon Zucker","value":""},{"key":"Eiweiß","value":""},{"key":"Salz","value":""}],"tags":[]},
    {"url":"https://www.interspar.at/shop/lebensmittel/p/6801724","data":[{"key":"price","value":"1,99 €"},{"key":"oldPrice","value":"\n\t\t\t\t\t\n\t\t\t\t\t \n\t\t\t\t"},{"key":"pricePerUnit","value":"(4.15 €/kg)"},{"key":"productDetailsName","value":"Danone Activia - Joghurt Heidelbeere 4 x 120g - 480 G"},{"key":"detailsDescription","value":"480 G"},{"key":"articleNumber","value":"Artikelnummer: 6801724"},{"key":"Lagerhinweis:","value":["Kühl bei maximal +8°C lagern."]},{"key":"Zutaten:","value":["Zutaten: JOGHURT, Zucker, 5% Heidelbeeren, färbende Konzentrate (schwarze Karotte und Hibiskus), Aroma. Mit Bifidus Kultur ActiRegularis®. In Großbuchstaben angegebene Zutaten enthalten allergene Inhaltsstoffe."]},{"key":"Allergene:","value":["Enthält:Milch und daraus gewonnene Erzeugnisse (inkl. Laktose)"]},{"key":"Identitätskennzeichen:","value":["DE BY-601 EG"]},{"key":"Kontakt:","value":["Danone GmbH","Technologiestraße 10, 1120 Wien, Österreich"]}],"nutritions":[{"key":"","value":"Unzubereitet"},{"key":" ","value":"100 g"},{"key":"Energie","value":"383 kJ | 91 kcal | 5 %"},{"key":"Fett","value":"2,8 g | 4 %"},{"key":"Fett, davon gesättigte Fettsäuren","value":"1,7 g | 9 %"},{"key":"Kohlenhydrate","value":"12,7 g | 5 %"},{"key":"Kohlenhydrate, davon Zucker","value":"12 g | 13 %"},{"key":"Eiweiß","value":"3,7 g | 7 %"},{"key":"Salz","value":"0,15 g | 2 %"},{"key":"Kalzium","value":"120 mg | 15 %"}],"tags":["immer Billig"]},
    {"url":"https://www.interspar.at/shop/lebensmittel/p/1891041","data":[{"key":"price","value":"0,89 €"},{"key":"oldPrice","value":"\n\t\t\t\t\t\n\t\t\t\t\t \n\t\t\t\t"},{"key":"pricePerUnit","value":"(7.42 €/kg)"},{"key":"productDetailsName","value":"S-BUDGET - Strudelteig gezogen 4 Teigblätter - 120 G"},{"key":"detailsDescription","value":"120 G"},{"key":"articleNumber","value":"Artikelnummer: 1891041"},{"key":"Lagerhinweis:","value":["Teig gekühlt bei +2 bis +6°C aufbewahren. Zum Tiefkühlen geeignet."]},{"key":"Zutaten:","value":["Zutaten: WEIZENMEHL, Wasser, Glucosesirup, Kartoffelstärke, Sonnenblumenöl, Salz unjodiert, Weingeistessig, Konservierungsstoff: Kaliumsorbat. In Großbuchstaben angegebene Zutaten enthalten allergene Inhaltsstoffe."]},{"key":"Allergene:","value":["Enthält:Glutenhaltiges Getreide und daraus hergestellte Erzeugnisse"]},{"key":"","value":["Ohne Farbstoffe","Laktosefrei"]},{"key":"Zubereitung:","value":["BackenS-BUDGET Strudelteig einige Minuten vor der Zubereitung aus dem Kühlschrank nehmen. Bereiten Sie die Fülle vor, bevor Sie die Packung öffnen!Rezepttipp: Wiener ApfelstrudelZwei S-BUDGET Teigblätter entfalten und mit zerlassener Butter oder Margarine bestreichen. Butter in der Pfanne erhitzen, die S-BUDGET Semmelbrösel beimengen und goldbraun rösten. Zimtzucker: Zucker und Zimt vermengen.Fülle: Äpfel schälen, entkernen und in Scheiben schneiden. Butterbrösel, Zimtzucker, Rosinen, Zitronensaft und Äpfel vermischen. Den Teig mit der Fülle bestreichen und das Ganze mit dem Tuch vorsichtig einrollen. Den Strudel auf ein, mit Butter bestrichenes Backblech rollen und bei ca. 200°C ungefähr 20 Minuten backen.","AuftauenDie Auftauzeit beträgt bei Raumtemperatur ca. 1 Stunde, im Kühlschrank ca. 12 Stunden."]},{"key":"Ursprungsland/Herkunftsort:","value":["Qualität aus Österreich"]},{"key":"Kontakt:","value":["SPAR Österr. Warenhandels-AG","Europastraße 3, 5015 Salzburg, Österreich"]}],"nutritions":[{"key":"","value":"Unzubereitet"},{"key":" ","value":"100 g"},{"key":"Energie","value":"1395 kJ | 330 kcal"},{"key":"Fett","value":"5,1 g"},{"key":"Fett, davon gesättigte Fettsäuren","value":"0,8 g"},{"key":"Kohlenhydrate","value":"60 g"},{"key":"Kohlenhydrate, davon Zucker","value":"6,7 g"},{"key":"Ballaststoffe","value":"2,4 g"},{"key":"Eiweiß","value":"9,8 g"},{"key":"Salz","value":"1,2 g"},{"key":"Broteinheiten","value":"5 BE"}],"tags":["Lactosefrei","immer Billig"]},
    {"url":"https://www.interspar.at/shop/lebensmittel/p/6463571","data":[{"key":"price","value":"0,65 €"},{"key":"oldPrice","value":"\n\t\t\t\t\t\n\t\t\t\t\t \n\t\t\t\t"},{"key":"pricePerUnit","value":"(2.36 €/kg)"},{"key":"productDetailsName","value":"S-BUDGET - Blätterteig 1 Stück - 275 G"},{"key":"detailsDescription","value":"275 G"},{"key":"articleNumber","value":"Artikelnummer: 6463571"},{"key":"Lagerhinweis:","value":["Teig gekühlt bei höchstens 4 - 6°C aufbewahren."]},{"key":"Zutaten:","value":["Zutaten: WEIZENMEHL, Pflanzenmargarine gesalzen (Palmfett, Rapsöl, Wasser, WEIZENSTÄRKE, Kochsalz, Säuerungsmittel: Citronensäure, Emulgatoren: Mono- und Diglyceride von Speisefettsäuren, Polyglycerinester von Speisefettsäuren), Wasser, Kochsalz jodiert, Konservierungsstoff: Kaliumsorbat, Säuerungsmittel: Citronensäure. In Großbuchstaben angegebene Zutaten enthalten allergene Inhaltsstoffe."]},{"key":"Allergene:","value":["Kann Spuren enthalten von:Eier und daraus gewonnene Erzeugnisse, Milch und daraus gewonnene Erzeugnisse (inkl. Laktose)","Enthält:Glutenhaltiges Getreide und daraus hergestellte Erzeugnisse"]},{"key":"Zubereitung:","value":["BackenS-BUDGET Blätterteig mit Backpapier auf ein Blech legen und nach Belieben belegen. Anschließend den Teig einrollen, die Teigränder mit Eiklar bestreichen und gut verschließen. Den Teig noch mit Eidotter bestreichen und mit einer Gabel mehrfach einstechen. Im vorgeheizten Backrohr bei Ober-/Unterhitze bei 200°C (mit Umluft bei 190°C) 25-30 Min. goldgelb backen."]},{"key":"Ursprungsland/Herkunftsort:","value":["Sorgfältig hergestellt in der Schweiz"]},{"key":"Verwendungshinweis:","value":["Zum Tiefkühlen geeignet. Die Auftauzeit beträgt bei Raumtemperatur ca. 3 Stunden, im Kühlschrank ca. 12 Stunden. Den Teig 15-20 Min. vor dem Verarbeiten aus dem Kühlschrank nehmen. Den Teig nach dem Öffnen sofort bearbeiten."]},{"key":"Kontakt:","value":["SPAR Österr. Warenhandels-AG","Europastraße 3, 5015 Salzburg, Österreich"]}],"nutritions":[{"key":" ","value":"100 g"},{"key":"","value":"Unzubereitet"},{"key":"Energie","value":"1632 kJ | 391 kcal"},{"key":"Fett","value":"23 g"},{"key":"Fett, davon gesättigte Fettsäuren","value":"10 g"},{"key":"Kohlenhydrate","value":"38 g"},{"key":"Kohlenhydrate, davon Zucker","value":"2,6 g"},{"key":"Ballaststoffe","value":"1,9 g"},{"key":"Eiweiß","value":"6,7 g"},{"key":"Salz","value":"0,78 g"},{"key":"Broteinheiten","value":"3,2 BE"}],"tags":["Lactosefrei","immer Billig"]},
    {"url":"https://www.interspar.at/shop/lebensmittel/p/2020000578468","data":[{"key":"price","value":"2,99 €"},{"key":"oldPrice","value":"\n\t\t\t\t\t\n\t\t\t\t\t \n\t\t\t\t"},{"key":"pricePerUnit","value":"(16.61 €/kg)"},{"key":"productDetailsName","value":"Saint Albray - Weichkäse L'intense - 180 G"},{"key":"detailsDescription","value":"180 G"},{"key":"articleNumber","value":"Artikelnummer: 2020000578468"},{"key":"Lagerhinweis:","value":["Bei +2°C bis +8°C lagern."]},{"key":"Zutaten:","value":["Zutaten: pasteurisierte KUHMILCH, Käsereikulturen, Speisesalz, Farbstoffe: Beta-Carotin, E 160e in der Rinde. In Großbuchstaben angegebene Zutaten enthalten allergene Inhaltsstoffe."]},{"key":"Allergene:","value":["Kann Spuren von Schafsmilch enthalten.","Kann Spuren enthalten von:Milch und daraus gewonnene Erzeugnisse (inkl. Laktose)","Enthält:Milch und daraus gewonnene Erzeugnisse (inkl. Laktose)"]},{"key":"","value":["Laktosefrei"]},{"key":"Identitätskennzeichen:","value":["FR 64.284.100 CE"]},{"key":"Ursprungsland/Herkunftsort:","value":["Frankreich"]},{"key":"Kontakt:","value":["Saint Albray","Postfach 45, 1104 Wien, Österreich"]}],"nutritions":[{"key":"","value":"Unzubereitet"},{"key":" ","value":"100 g"},{"key":"Energie","value":"1510 kJ | 365 kcal"},{"key":"Fett","value":"33 g"},{"key":"Fett, davon gesättigte Fettsäuren","value":"34 g"},{"key":"Kohlenhydrate","value":"< 0,5 g"},{"key":"Kohlenhydrate, davon Stärke","value":"< 0,5 g"},{"key":"Eiweiß","value":"17 g"},{"key":"Salz","value":"1,3 g"},{"key":"","value":"Unzubereitet"},{"key":" ","value":"Portion (30 g)"},{"key":"Energie","value":"453 kJ | 110 kcal"},{"key":"Fett","value":"9,9 g"},{"key":"Fett, davon gesättigte Fettsäuren","value":"7,2 g"},{"key":"Kohlenhydrate","value":"< 0,2 g"},{"key":"Kohlenhydrate, davon Zucker","value":"< 0,2 g"},{"key":"Eiweiß","value":"5,1 g"},{"key":"Salz","value":"0,39 g"}],"tags":["Gekühlt","Lactosefrei"]},
    {"url":"https://www.interspar.at/shop/lebensmittel/p/2020000754664","data":[{"key":"price","value":"9,99 €"},{"key":"oldPrice","value":"\n\t\t\t\t\t\n\t\t\t\t\t \n\t\t\t\t"},{"key":"pricePerUnit","value":"(24.98 €/kg)"},{"key":"productDetailsName","value":"Le Petit Constant - Weichkäse - 400 G"},{"key":"detailsDescription","value":"400 G"},{"key":"articleNumber","value":"Artikelnummer: 2020000754664"},{"key":"Lagerhinweis:","value":["Lagerung bei max. +8° C"]},{"key":"Zutaten:","value":["Zutaten: KUHROHMILCH, Salz, tierisches Lab. In Großbuchstaben angegebene Zutaten enthalten allergene Inhaltsstoffe."]},{"key":"Allergene:","value":["Enthält:Milch und daraus gewonnene Erzeugnisse (inkl. Laktose)"]},{"key":"Identitätskennzeichen:","value":["FR 39.434.007 CE"]},{"key":"Ursprungsland/Herkunftsort:","value":["Frankreich"]},{"key":"Kontakt:","value":["Fromageries Vagne","Rue des Frères Lumière, B.P 20044 - 39801 Poligny cedex, Frankreich"]}],"nutritions":[{"key":"","value":"Unzubereitet"},{"key":" ","value":"100 g"},{"key":"Energie","value":"1305 kJ | 315 kcal"},{"key":"Fett","value":"26 g"},{"key":"Fett, davon gesättigte Fettsäuren","value":"18 g"},{"key":"Kohlenhydrate","value":"1 g"},{"key":"Kohlenhydrate, davon Zucker","value":"1 g"},{"key":"Eiweiß","value":"18,5 g"},{"key":"Salz","value":"1,2 g"}],"tags":["Gekühlt"]},
    {"url":"https://www.interspar.at/shop/lebensmittel/p/2020001640768","data":[{"key":"price","value":"1,69 €"},{"key":"oldPrice","value":"\n\t\t\t\t\t\n\t\t\t\t\t \n\t\t\t\t"},{"key":"pricePerUnit","value":"(16.10 €/kg)"},{"key":"productDetailsName","value":"Kiri - Dippis 3er - 105 G"},{"key":"detailsDescription","value":"105 G"},{"key":"articleNumber","value":"Artikelnummer: 2020001640768"},{"key":"Lagerhinweis:","value":["Nach dem Kauf gekühlt aufbewahren."]},{"key":"Zutaten:","value":["Zutaten Kiri: FRISCHKÄSE (37%), Trinkwasser, SAHNE (23%), MILCHEIWEIß, Schmelzsalze: E 452, E 341, E330, Speisesalz. Zutaten Grissini: WEIZENMEHL (68%), Sonnenblumenöl, GERSTENMALZ, Speisesalz, Bierhefe. In Großbuchstaben angegebene Zutaten enthalten allergene Inhaltsstoffe."]},{"key":"Allergene:","value":["Kann Spuren enthalten von:Sesamsamen und daraus gewonnene Erzeugnisse","Enthält:Glutenhaltiges Getreide und daraus hergestellte Erzeugnisse, Milch und daraus gewonnene Erzeugnisse (inkl. Laktose)"]},{"key":"Identitätskennzeichen:","value":["FR 39.300.001 CE"]},{"key":"Zusatztext:","value":["102g Weizenmehl werden zur Herstellung von 100g eingesetzt."]},{"key":"Kontakt:","value":["1. Fromageries BEL, Service Consommateurs","1. BP 114, 92151 Suresnes Cedex, Frankreich"]}],"nutritions":[{"key":"","value":"Unzubereitet"},{"key":" ","value":"100 g"},{"key":"Energie","value":"1220 kJ | 293 kcal"},{"key":"Fett","value":"19 g"},{"key":"Fett, davon gesättigte Fettsäuren","value":"11,5 g"},{"key":"Kohlenhydrate","value":"22 g"},{"key":"Kohlenhydrate, davon Zucker","value":"2,5 g"},{"key":"Ballaststoffe","value":"1 g"},{"key":"Eiweiß","value":"8 g"},{"key":"Salz","value":"1,5 g"},{"key":"Kalzium","value":"380 mg | 48 %"}],"tags":[]},
    {"url":"https://www.interspar.at/shop/lebensmittel/p/2913681","data":[{"key":"price","value":"1,09 €"},{"key":"oldPrice","value":"\n\t\t\t\t\t\n\t\t\t\t\t \n\t\t\t\t"},{"key":"pricePerUnit","value":"(5.45 €/kg)"},{"key":"productDetailsName","value":"Apostels - Zaziki - 200 G"},{"key":"detailsDescription","value":"200 G"},{"key":"articleNumber","value":"Artikelnummer: 2913681"},{"key":"Lagerhinweis:","value":["Ungeöffnet bei +8°C lagern."]},{"key":"Zutaten:","value":["Zutaten: 80% Joghurterzeugnis (VOLLMILCH, modifizierte Maisstärke, MILCHEIWEISS, Joghurtkulturen), 12% frische Gurken, 4% Knoblauch, natives Olivenöl extra, Kokosfett, Meersalz, Weinessig, Pfeffer, Verdickungsmittel (Agar-Agar, Pektine). In Großbuchstaben angegebene Zutaten enthalten allergene Inhaltsstoffe."]},{"key":"Allergene:","value":["Enthält:Milch und daraus gewonnene Erzeugnisse (inkl. Laktose)"]},{"key":"","value":["ohne Zusatz von Konservierungsstoffen"]},{"key":"Identitätskennzeichen:","value":["DE NI 300 EG"]},{"key":"Zusatztext:","value":["Bitte beachten Sie stets auch die tatsächliche Kennzeichnung auf der Packung."]},{"key":"Kontakt:","value":["Apostel GmbH","Heinkelstraße 11, 30827 Garbsen, Deutschland"]}],"nutritions":[{"key":"","value":"Unzubereitet"},{"key":" ","value":"100 g"},{"key":"Energie","value":"456 kJ | 109 kcal"},{"key":"Fett","value":"6,6 g"},{"key":"Fett, davon gesättigte Fettsäuren","value":"3,2 g"},{"key":"Kohlenhydrate","value":"8,2 g"},{"key":"Kohlenhydrate, davon Zucker","value":"4,5 g"},{"key":"Eiweiß","value":"4 g"},{"key":"Salz","value":"1 g"}],"tags":[]},
    {"url":"https://www.interspar.at/shop/lebensmittel/p/3045947","data":[{"key":"price","value":"1,14 €"},{"key":"oldPrice","value":"\n\t\t\t\t\t\n\t\t\t\t\t \n\t\t\t\t"},{"key":"pricePerUnit","value":"(22.90 €/kg)"},{"key":"productDetailsName","value":"Chaumes - Weichkäse - 1 KG"},{"key":"detailsDescription","value":"1 KG"},{"key":"articleNumber","value":"Artikelnummer: 3045947"},{"key":"Lagerhinweis:","value":["Gekühlt bei 4-6°C lagern."]},{"key":"Zutaten:","value":["Zutaten: pasteurisierte MILCH, Speisesalz, Käsereikulturen, Farbstoff: Carotin*, Konservierungsstoff: Lysozym (EI). *in der Rinde. In Großbuchstaben angegebene Zutaten enthalten allergene Inhalsstoffe."]},{"key":"Allergene:","value":["Enthält:Eier und daraus gewonnene Erzeugnisse, Milch und daraus gewonnene Erzeugnisse (inkl. Laktose)"]},{"key":"Identitätskennzeichen:","value":["FR 24.370.002 CE"]},{"key":"Kontakt:","value":["Savencia","Postfach 45, 1104 Wien, Österreich"]}],"nutritions":[{"key":"","value":"Unzubereitet"},{"key":" ","value":"100 g"},{"key":"Energie","value":"1282 kJ | 309 kcal"},{"key":"Fett","value":"25 g"},{"key":"Fett, davon gesättigte Fettsäuren","value":"17 g"},{"key":"Kohlenhydrate","value":"0,5 g"},{"key":"Kohlenhydrate, davon Zucker","value":"21 g"},{"key":"Ballaststoffe","value":"0 g"},{"key":"Eiweiß","value":"21 g"},{"key":"Salz","value":"2,2 g"}],"tags":["Gekühlt","Glutenfrei","Lactosefrei"]},
    {"url":"https://www.interspar.at/shop/lebensmittel/p/3388198","data":[{"key":"price","value":"1,14 €"},{"key":"oldPrice","value":"\n\t\t\t\t\t\n\t\t\t\t\t \n\t\t\t\t"},{"key":"pricePerUnit","value":"(22.90 €/kg)"},{"key":"productDetailsName","value":"Saint Albray - Weichkäse - 1 KG"},{"key":"detailsDescription","value":"1 KG"},{"key":"articleNumber","value":"Artikelnummer: 3388198"},{"key":"Lagerhinweis:","value":["Gekühlt bei 4-6°C lagern."]},{"key":"Zutaten:","value":["Zutaten: pasteurisierte KUHMILCH, Speisesalz, Käsereikulturen, Farbstoffe: Beta-Carotin, Beta-apo-8'-Carotinal*. *in der Rinde. In Großbuchstaben angegebene Zutaten enthalten allergene Inhaltsstoffe."]},{"key":"Allergene:","value":["Enthält:Milch und daraus gewonnene Erzeugnisse (inkl. Laktose)"]},{"key":"Identitätskennzeichen:","value":["FR 64.284.100 CE"]},{"key":"Kontakt:","value":["Saint Albray","Postfach 45, 1104 Wien, Österreich"]}],"nutritions":[{"key":"","value":"Unzubereitet"},{"key":" ","value":"100 g"},{"key":"Energie","value":"1319 kJ | 318 kcal"},{"key":"Fett","value":"26 g"},{"key":"Fett, davon gesättigte Fettsäuren","value":"18 g"},{"key":"Kohlenhydrate","value":"0,5 g"},{"key":"Kohlenhydrate, davon Zucker","value":"0 g"},{"key":"Ballaststoffe","value":"0 g"},{"key":"Eiweiß","value":"21 g"},{"key":"Salz","value":"1,55 g"}],"tags":["Gekühlt","Glutenfrei","Lactosefrei"]},
    {"url":"https://www.interspar.at/shop/lebensmittel/p/3724675","data":[{"key":"price","value":"2,99 €"},{"key":"oldPrice","value":"\n\t\t\t\t\t\n\t\t\t\t\t \n\t\t\t\t"},{"key":"pricePerUnit","value":"(14.95 €/kg)"},{"key":"productDetailsName","value":"Saint Albray - Weichkäse - 200 G"},{"key":"detailsDescription","value":"200 G"},{"key":"articleNumber","value":"Artikelnummer: 3724675"},{"key":"Lagerhinweis:","value":["Bei +2°C bis +8°C lagern."]},{"key":"Zutaten:","value":["Zutaten: pasteurisierte KUHMILCH, Käsereikulturen, Speisesalz, Farbstoffe: Beta-Carotin, E 160e in der Rinde. In Großbuchstaben angegebene Zutaten enthalten allergene Inhaltsstoffe."]},{"key":"Allergene:","value":["Kann Spuren von Schafsmilch enthalten.","Kann Spuren enthalten von:Milch und daraus gewonnene Erzeugnisse (inkl. Laktose)","Enthält:Milch und daraus gewonnene Erzeugnisse (inkl. Laktose)"]},{"key":"","value":["Laktosefrei"]},{"key":"Identitätskennzeichen:","value":["FR 64 284 100 CE"]},{"key":"Ursprungsland/Herkunftsort:","value":["Frankreich"]},{"key":"Kontakt:","value":["Saint Albray","Postfach 45, 1104 Wien, Österreich"]}],"nutritions":[{"key":"","value":"Unzubereitet"},{"key":" ","value":"100 g"},{"key":"Energie","value":"1510 kJ | 365 kcal"},{"key":"Fett","value":"33 g"},{"key":"Fett, davon gesättigte Fettsäuren","value":"24 g"},{"key":"Kohlenhydrate","value":"< 0,5 g"},{"key":"Kohlenhydrate, davon Stärke","value":"< 0,5 g"},{"key":"Eiweiß","value":"17 g"},{"key":"Salz","value":"1,3 g"},{"key":"","value":"Unzubereitet"},{"key":" ","value":"Portion (30 g)"},{"key":"Energie","value":"453 kJ | 110 kcal"},{"key":"Fett","value":"9,9 g"},{"key":"Fett, davon gesättigte Fettsäuren","value":"7,2 g"},{"key":"Kohlenhydrate","value":"< 0,2 g"},{"key":"Kohlenhydrate, davon Zucker","value":"< 0,2 g"},{"key":"Eiweiß","value":"5,1 g"},{"key":"Salz","value":"0,39 g"}],"tags":["Glutenfrei","Lactosefrei"]},
    {"url":"https://www.interspar.at/shop/lebensmittel/p/4160571","data":[{"key":"price","value":"1,59 €"},{"key":"oldPrice","value":"\n\t\t\t\t\t\n\t\t\t\t\t \n\t\t\t\t"},{"key":"pricePerUnit","value":"(13.25 €/kg)"},{"key":"productDetailsName","value":"Tante Fanny - Frisch gezogener Strudelteig 2x2 Strudelblätter - 120 G"},{"key":"detailsDescription","value":"120 G"},{"key":"articleNumber","value":"Artikelnummer: 4160571"},{"key":"Lagerhinweis:","value":["Gekühlt lagern bei +2°C bis +7°C."]},{"key":"Zutaten:","value":["Zutaten: WEIZENMEHL, Wasser, Glucosesirup, Sonnenblumenöl, Salz, Kartoffelstärke, Branntweinessig, Konservierungsstoff: Kaliumsorbat. In Großbuchstaben angegebene Zutaten enthalten allergene Inhaltsstoffe."]},{"key":"Allergene:","value":["Enthält:Glutenhaltiges Getreide und daraus hergestellte Erzeugnisse"]},{"key":"","value":["Laktosefrei"]},{"key":"Zubereitung:","value":["BackenStrudelblätter (in geschlossener Verpackung) ca. 15 - 20 Min. bei Raumtemperatur ruhen lassen. Befeuchtetes Tuch auf dem Tisch ausbreiten, ein trockenes darüberlegen. 1. Backofen auf 200 °C Ober-/Unterhitze bzw. 190 °C Heißluft vorheizen. 2. 2 Teigblätter entfalten, 1 Blatt auf die vorbereiteten Tücher legen und mit etwas zerlassener Butter oder Öl bestreichen. Das 2. Blatt um 90 °C gedreht darauf legen (damit die Faltkanten nicht übereinander liegen). 3. Untere Hälfte der Teigblätter mit 450g - 500g Füllung belegen. Beide Teigenden seitlich einschlagen und Strudel mit Hilfe der Tücher von unten nach oben einrollen. Es gibt viele Füllungen - zum Beispiel Strudel süß: Apfel-, Topfenfrucht- oder Kirschenstrudel Strudel herzhaft: Gemüse-, Kartoffel- oder Fleischstrudel. Kreatives: Frühlingsrollen oder gefüllte Teigtaschen.","BackenStrudel ca. 25 - 30 Min bei 200 °C Kleingebäck ca. 15 - 20 Min bei 200 °C. Tipp: Strudel/Kleingebäck auf ein mit Backpapier ausgelegtes Backblech legen und mit zerlassener Butter bestreichen."]},{"key":"Kontakt:","value":["Tante Fanny Frischteig GmbH","Parkstraße 24, 4311 Schwertberg, Österreich"]}],"nutritions":[{"key":"","value":"Unzubereitet"},{"key":" ","value":"100 g"},{"key":"Energie","value":"1418 kJ | 335 kcal"},{"key":"Fett","value":"4,8 g"},{"key":"Fett, davon gesättigte Fettsäuren","value":"0,6 g"},{"key":"Kohlenhydrate","value":"60 g"},{"key":"Kohlenhydrate, davon Zucker","value":"4,8 g"},{"key":"Ballaststoffe","value":"3,5 g"},{"key":"Eiweiß","value":"11 g"},{"key":"Salz","value":"1,2 g"}],"tags":["Vegan","Lactosefrei"]},
    {"url":"https://www.interspar.at/shop/lebensmittel/p/4271673","data":[{"key":"price","value":"1,59 €"},{"key":"oldPrice","value":"\n\t\t\t\t\t\n\t\t\t\t\t \n\t\t\t\t"},{"key":"pricePerUnit","value":"(5.89 €/kg)"},{"key":"productDetailsName","value":"Tante Fanny - Frischer Blätterteig - 270 G"},{"key":"detailsDescription","value":"270 G"},{"key":"articleNumber","value":"Artikelnummer: 4271673"},{"key":"Lagerhinweis:","value":["Gekühlt lagern bei +2°C bis +8°C. Nach dem Öffnen umgehend verbrauchen. Zum Tiefkühlen geeignet. Tiefgekühlt bei -18°C ab dem Tag des Einfrierens 6 Monate haltbar. Die Auftauzeit von tiefgekühltem Blätterteig beträgt bei Raumtemperatur ca. 3 Stunden, im Kühlschrank ca. 10 Stunden. Aufgetauten Teig nicht wieder einfrieren."]},{"key":"Zutaten:","value":["Zutaten: WEIZENMEHL, pflanzliches Fett (Palm) und pflanzliches Öl (Raps), Trinkwasser, Ethylalkohol, WEIZENSTÄRKE, Speisesalz, Säuerungsmittel: Citronensäure, Zitronensaftkonzentrat. In Großbuchstaben angegebene Zutaten enthalten allergene Inhaltsstoffe."]},{"key":"Allergene:","value":["Enthält:Glutenhaltiges Getreide und daraus hergestellte Erzeugnisse"]},{"key":"","value":["Laktosegehalt <0,1%"]},{"key":"","value":["Laktosefrei"]},{"key":"Zubereitung:","value":["BackenFrischen Blätterteig ca. 5-10 Minuten vor dem Verarbeiten aus dem Kühlschrank nehmen. 1. Backrohr auf 220°C Ober-/Unterhitze bzw. 210°C Heißluft vorheizen. 2. Frischen Blätterteig aus der Verpackung nehmen. 3. Den Teig auf dem Backblech mit dem mitgerollten Backpapier entrollen. 4. Frischer Blätterteig ist sehr einfach und vielfältig zu vearbeiten: Kleingebäck süß: Kipferl, Topfen-Beerentaschen, Nussstangerl, Birnennester, Apfel im Schlafrock,... Kleingebäck pikant: würzige Käsestangerl, Schinkenkipferl, Frischkäse-Taschen,... Strudel süß: Apfel-, Topfen- oder Weintraubenstrudel,... Strudel pikant: Gemüse/Käse-, Kraut- oder Spinat/Schafkäsestrudel,...","BackenKleingebäck ca. 10 - 15 Min., Strudel ca. 25 - 30 Min. Tipp: Gebäck vor dem Backen mit Wasser oder verquirltem Ei bestreichen."]},{"key":"Kontakt:","value":["Tante Fanny Frischteig GmbH","Parkstraße 24, 4311 Schwertberg, Österreich"]}],"nutritions":[{"key":"","value":"Unzubereitet"},{"key":" ","value":"100 g"},{"key":"Energie","value":"1722 kJ | 414 kcal"},{"key":"Fett","value":"29 g"},{"key":"Fett, davon gesättigte Fettsäuren","value":"14 g"},{"key":"Kohlenhydrate","value":"32 g"},{"key":"Kohlenhydrate, davon Zucker","value":"< 0,4 g"},{"key":"Ballaststoffe","value":"1 g"},{"key":"Eiweiß","value":"5,7 g"},{"key":"Salz","value":"0,95 g"}],"tags":["Lactosefrei"]},
    {"url":"https://www.interspar.at/shop/lebensmittel/p/4744214","data":[{"key":"price","value":"2,99 €"},{"key":"oldPrice","value":"\n\t\t\t\t\t\n\t\t\t\t\t \n\t\t\t\t"},{"key":"pricePerUnit","value":"(17.59 €/kg)"},{"key":"productDetailsName","value":"Bonbel - Cremig-Würzig - 170 G"},{"key":"detailsDescription","value":"170 G"},{"key":"articleNumber","value":"Artikelnummer: 4744214"},{"key":"Lagerhinweis:","value":["Gekühlt bei +2°C bis +8°C aufbewahren."]},{"key":"Zutaten:","value":["Zutaten: pasteurisierte MILCH, MILCHEIWEISS, Salz, Milchsäurebakterien, mikrobielles Lab, Farbstoff: Annatto.  In Großbuchstaben angegebene Zutaten enthalten allergene Inhaltsstoffe."]},{"key":"Allergene:","value":["Enthält:Milch und daraus gewonnene Erzeugnisse (inkl. Laktose)"]},{"key":"","value":["Ohne Zusatz von Konservierungsstoffen"]},{"key":"","value":["Laktosefrei"]},{"key":"Identitätskennzeichen:","value":["BE FR 282 CE"]},{"key":"Zusatztext:","value":["Essbare Rinde"]},{"key":"Kontakt:","value":["Fromageries Bel Österreich","Wehlistraße 27b, Stiege 1, Tür 6, 1200 Wien, Österreich"]}],"nutritions":[{"key":"","value":"Unzubereitet"},{"key":" ","value":"100 g"},{"key":"Energie","value":"1292 kJ | 312 kcal"},{"key":"Fett","value":"25,5 g"},{"key":"Fett, davon gesättigte Fettsäuren","value":"17 g"},{"key":"Kohlenhydrate","value":"< 0,1 g"},{"key":"Kohlenhydrate, davon Zucker","value":"< 0,1 g"},{"key":"Eiweiß","value":"20,5 g"},{"key":"Salz","value":"1,6 g"}],"tags":["Gekühlt","Lactosefrei"]},
    {"url":"https://www.interspar.at/shop/lebensmittel/p/5317882","data":[{"key":"price","value":"1,99 €"},{"key":"oldPrice","value":"\n\t\t\t\t\t\n\t\t\t\t\t \n\t\t\t\t"},{"key":"pricePerUnit","value":"(4.98 €/kg)"},{"key":"productDetailsName","value":"Tante Fanny - Croissant- & Plunderteig - 400 G"},{"key":"detailsDescription","value":"400 G"},{"key":"articleNumber","value":"Artikelnummer: 5317882"},{"key":"Lagerhinweis:","value":["Gekühlt lagern bei +2° C bis +7° C. Nach dem Öffnen umgehend verbrauchen."]},{"key":"Zutaten:","value":["Zutaten: WEIZENMEHL, Trinkwasser, Palmfett, Ethylalkohol, Zucker, Traubenzucker (2%), Backtriebmittel: Dinatriumdiphosphat, Natriumhydrogencarbonat; WEIZENSTÄRKE, Rapsöl, Emulgator: Mono- und Diglyceride von Speisefettsäuren; Speisesalz, Säuerungsmittel: Citronensäure; Konservierungsstoff: Sorbinsäure; Hefe, Antioxidationsmittel: Ascorbinsäure. In Großbuchstaben angegebene Zutaten enthalten allergene Inhaltsstoffe."]},{"key":"Allergene:","value":["Enthält:Glutenhaltiges Getreide und daraus hergestellte Erzeugnisse"]},{"key":"","value":["Ohne Farbstoffe"]},{"key":"Zubereitung:","value":["BackenPlundergebäck je nach Größe ca. 15 - 20 Minuten goldgelb backen. Tipp: Gebäck vor dem Backen mit Wasser oder verquirltem Ei bestreichen.","BackenTeig direkt aus dem Kühlschrank verarbeiten! 1. Backrohr auf 180°C Ober-/Unterhitze bzw. 170°C Heißluft vorheizen. 2. Die Füllung vorbereiten. 3. Plunderteig aus der Verpackung nehmen und rasch verarbeiten. Rezeptidee für Croissants gefüllt oder ungefüllt: 1. Teig in 6 große Dreiecke schneiden, optional die Fülle aufbringen, von der Breitseite zu Croissants rollen und mit Ei bestreichen. Rezeptidee für Golatschen, Taschen oder Fruchtspitze: 1. Teig in Quadrate schneiden, nach Belieben mit Topfen/Quark füllen, Teigecken gegengleich zusammenlegen und mit Ei bestreichen. Tipp: Fruchtspitz erst nach dem Backen mit Früchten belegen. 2. Im vorgeheizten Backofen bei 180°C ca. 15 - 20 Min. backen."]},{"key":"Kontakt:","value":["Tante Fanny Frischteig GmbH","Parkstraße 24, 4311 Schwertberg, Österreich"]}],"nutritions":[{"key":"","value":"Unzubereitet"},{"key":" ","value":"100 g"},{"key":"Energie","value":"1572 kJ | 376 kcal"},{"key":"Fett","value":"20 g"},{"key":"Fett, davon gesättigte Fettsäuren","value":"10 g"},{"key":"Kohlenhydrate","value":"42 g"},{"key":"Kohlenhydrate, davon Zucker","value":"6,2 g"},{"key":"Ballaststoffe","value":"1,1 g"},{"key":"Eiweiß","value":"6,4 g"},{"key":"Salz","value":"1,5 g"}],"tags":["Vegetarisch","Lactosefrei"]},
    {"url":"https://www.interspar.at/shop/lebensmittel/p/5432929","data":[{"key":"price","value":"2,99 €"},{"key":"oldPrice","value":"\n\t\t\t\t\t\n\t\t\t\t\t \n\t\t\t\t"},{"key":"pricePerUnit","value":"(16.61 €/kg)"},{"key":"productDetailsName","value":"Saint Albray - Weichkäse - 180 G"},{"key":"detailsDescription","value":"180 G"},{"key":"articleNumber","value":"Artikelnummer: 5432929"},{"key":"Lagerhinweis:","value":["Bei +2°C bis +8°C lagern."]},{"key":"Zutaten:","value":["Zutaten: Pasteurisierter KUHMILCH, Käsereikulturen, Speisesalz, Farbstoffe: Beta-Carotin in der Rinde. In Großbuchstaben angegebene Zutaten enthalten allergene Inhaltsstoffe."]},{"key":"Allergene:","value":["Kann Spuren von Schafsmilch enthalten.","Enthält:Milch und daraus gewonnene Erzeugnisse (inkl. Laktose)"]},{"key":"Identitätskennzeichen:","value":["FR 64.284.100 CE"]},{"key":"Ursprungsland/Herkunftsort:","value":["Frankreich"]},{"key":"Kontakt:","value":["Saint Albray","Postfach 45, 1104 Wien, Österreich"]}],"nutritions":[{"key":"","value":"Unzubereitet"},{"key":" ","value":"100 g"},{"key":"Energie","value":"1510 kJ | 365 kcal"},{"key":"Fett","value":"33 g"},{"key":"Fett, davon gesättigte Fettsäuren","value":"24 g"},{"key":"Kohlenhydrate","value":"< 0,5 g"},{"key":"Kohlenhydrate, davon Zucker","value":"< 0,5 g"},{"key":"Eiweiß","value":"17 g"},{"key":"Salz","value":"1,3 g"},{"key":"","value":"Unzubereitet"},{"key":" ","value":"Portion (30 g)"},{"key":"Energie","value":"453 kJ | 110 kcal"},{"key":"Fett","value":"9,9 g"},{"key":"Fett, davon gesättigte Fettsäuren","value":"7,2 g"},{"key":"Kohlenhydrate","value":"< 0,2 g"},{"key":"Kohlenhydrate, davon Zucker","value":"< 0,2 g"},{"key":"Eiweiß","value":"5,1 g"},{"key":"Salz","value":"0,39 g"}],"tags":["Glutenfrei","Lactosefrei"]},
    {"url":"https://www.interspar.at/shop/lebensmittel/p/5473229","data":[{"key":"price","value":"1,14 €"},{"key":"oldPrice","value":"\n\t\t\t\t\t\n\t\t\t\t\t \n\t\t\t\t"},{"key":"pricePerUnit","value":"(22.90 €/kg)"},{"key":"productDetailsName","value":"Saint Albray - Weichkäse leicht - 1 KG"},{"key":"detailsDescription","value":"1 KG"},{"key":"articleNumber","value":"Artikelnummer: 5473229"},{"key":"Lagerhinweis:","value":["Gekühlt bei 4-6°C lagern."]},{"key":"Zutaten:","value":["Zutaten: pasteurisierter KUHMILCH, Speisesalz, Käsereikulturen, MILCHEIWEISS, Farbstoffe: Beta-Carotin, Beta-apo-8′-Carotinal (C 30) in der Rinde. In Großbuchstaben angegebene Zutaten enthalten allergene Inhalttstoffe."]},{"key":"Allergene:","value":["Enthält:Milch und daraus gewonnene Erzeugnisse (inkl. Laktose)"]},{"key":"Identitätskennzeichen:","value":["FR 64.284.100 CE"]},{"key":"Kontakt:","value":["Saint Albray","Postfach 45, 1104 Wien, Österreich"]}],"nutritions":[{"key":"","value":"Unzubereitet"},{"key":" ","value":"100 g"},{"key":"Energie","value":"1090 kJ | 264 kcal"},{"key":"Fett","value":"20 g"},{"key":"Fett, davon gesättigte Fettsäuren","value":"15 g"},{"key":"Kohlenhydrate","value":"0,5 g"},{"key":"Kohlenhydrate, davon Zucker","value":"0 g"},{"key":"Ballaststoffe","value":"0 g"},{"key":"Eiweiß","value":"21 g"},{"key":"Salz","value":"1,5 g"}],"tags":["Gekühlt","Glutenfrei","Lactosefrei"]},
    {"url":"https://www.interspar.at/shop/lebensmittel/p/6074104","data":[{"key":"price","value":"6,59 €"},{"key":"oldPrice","value":"\n\t\t\t\t\t\n\t\t\t\t\t \n\t\t\t\t"},{"key":"pricePerUnit","value":"(26.36 €/kg)"},{"key":"productDetailsName","value":"Gira&Gratta - Grana Padano - 250 G"},{"key":"detailsDescription","value":"250 G"},{"key":"articleNumber","value":"Artikelnummer: 6074104"},{"key":"Lagerhinweis:","value":["Gekühlt lagern bei +4° bis 8°C."]},{"key":"Zutaten:","value":["Zutaten: pasteurisierte KUHMILCH, Salz, tierisches Lab, Konservierungsmittel: Lysozim (E1105 - natürliches aus EIWEISS gewonnenes Protein). In Großbuchstaben angegebene Zutaten enthalten allergene Inhaltsstoffe."]},{"key":"Allergene:","value":["Enthält:Eier und daraus gewonnene Erzeugnisse, Milch und daraus gewonnene Erzeugnisse (inkl. Laktose)"]},{"key":"Kontakt:","value":["Agriform Formaggi Veneti","Strada Rezzola, 21, 37006 Sommacampagna, Italien"]}],"nutritions":[],"tags":["Gekühlt","Lactosefrei"]},
    {"url":"https://www.interspar.at/shop/lebensmittel/p/6430542","data":[{"key":"price","value":"4,99 €"},{"key":"oldPrice","value":"\n\t\t\t\t\t\n\t\t\t\t\t \n\t\t\t\t"},{"key":"pricePerUnit","value":"(19.96 €/kg)"},{"key":"productDetailsName","value":"Latteria Sociiale Mantova - Grana Padano - 250 G"},{"key":"detailsDescription","value":"250 G"},{"key":"articleNumber","value":"Artikelnummer: 6430542"},{"key":"Lagerhinweis:","value":["Gekuehlt lagern bei max +8°C"]},{"key":"Zutaten:","value":["Zutaten: MILCH, Salz, Lab, Konservierungsstoff: Lysozym (aus EI). In Großbuchstaben angegebene Zutaten enthalten allergene Inhaltsstoffe."]},{"key":"Allergene:","value":["Enthält:Eier und daraus gewonnene Erzeugnisse, Milch und daraus gewonnene Erzeugnisse (inkl. Laktose)"]},{"key":"Identitätskennzeichen:","value":["IT 03 642 CE"]},{"key":"Ursprungsland/Herkunftsort:","value":["Italien"]},{"key":"Verbrauchen nach dem Öffnen:","value":["5 Tage"]},{"key":"Kontakt:","value":["Latteria Sociale Mantova Soc.","Via F. lli Kennedy, 48, 46047 S.Antonio di Porto Mantovano, Italien"]}],"nutritions":[{"key":"","value":"Unzubereitet"},{"key":" ","value":"100 g"},{"key":"Energie","value":"1654 kJ | 398 kcal"},{"key":"Fett","value":"29 g"},{"key":"Fett, davon gesättigte Fettsäuren","value":"18 g"},{"key":"Kohlenhydrate","value":"0 g"},{"key":"Kohlenhydrate, davon Zucker","value":"0 g"},{"key":"Eiweiß","value":"33 g"},{"key":"Salz","value":"1,5 g"}],"tags":["Gekühlt","Glutenfrei"]},
    {"url":"https://www.interspar.at/shop/lebensmittel/p/6477578","data":[{"key":"price","value":"3,32 €"},{"key":"oldPrice","value":"\n\t\t\t\t\t\n\t\t\t\t\t \n\t\t\t\t"},{"key":"pricePerUnit","value":"(16.60 €/kg)"},{"key":"productDetailsName","value":"DESPAR - Grana Padano - 200 G"},{"key":"detailsDescription","value":"200 G"},{"key":"articleNumber","value":"Artikelnummer: 6477578"},{"key":"Lagerhinweis:","value":["Vor und nach dem Öffnen gekühlt lagern bei max. +8°C. Nach dem Öffnen innerhalb weniger Tage verbrauchen."]},{"key":"Zutaten:","value":["Zutaten: ROHMILCH, Salz, Lab, Konservierungsstoff: Lysozym (aus EI). In Großbuchstaben angegebene Zutaten enthalten allergene Inhaltsstoffe."]},{"key":"Allergene:","value":["Enthält:Eier und daraus gewonnene Erzeugnisse, Milch und daraus gewonnene Erzeugnisse (inkl. Laktose)"]},{"key":"","value":["Laktosefrei"]},{"key":"Identitätskennzeichen:","value":["IT 03 643 CE"]},{"key":"Zusatztext:","value":["Mindestens 16 Monate gereift"]},{"key":"Kontakt:","value":["Società Agricola Cooperativa","Via Fratelli Kennedy 48, 46047 S. Antonio di Porto Mantovano (MN)"]}],"nutritions":[{"key":" ","value":"100 g"},{"key":"","value":"Unzubereitet"},{"key":"Energie","value":"1612 kJ | 388 kcal"},{"key":"Fett","value":"28,4 g"},{"key":"Fett, davon gesättigte Fettsäuren","value":"17,7 g"},{"key":"Fett, davon einfach ungesättigte Fettsäuren","value":"7,2 g"},{"key":"Fett, davon mehrfach ungesättigte Fettsäuren","value":"1,1 g"},{"key":"Kohlenhydrate","value":"0 g"},{"key":"Kohlenhydrate, davon Zucker","value":"0 g"},{"key":"Ballaststoffe","value":"0 g"},{"key":"Eiweiß","value":"33 g"},{"key":"Salz","value":"1,6 g"},{"key":"Broteinheiten","value":"0 BE"}],"tags":["Gekühlt","Glutenfrei","Lactosefrei","immer Billig"]},
    {"url":"https://www.interspar.at/shop/lebensmittel/p/6591212","data":[{"key":"price","value":"4,79 €"},{"key":"oldPrice","value":"\n\t\t\t\t\t\n\t\t\t\t\t \n\t\t\t\t"},{"key":"pricePerUnit","value":"(17.11 €/kg)"},{"key":"productDetailsName","value":"Käserebellen - Bauernrebell - 280 G"},{"key":"detailsDescription","value":"280 G"},{"key":"articleNumber","value":"Artikelnummer: 6591212"},{"key":"Lagerhinweis:","value":["Bei +2°C bis +8°C"]},{"key":"Zutaten:","value":["Zutaten: MILCH, Salz, Käsereikulturen, mikrobielles Lab, Edelschimmel, Farbstoff Annato. In Großbuchstaben angegebene Zutaten enthalten allergene Inhaltsstoffe."]},{"key":"Allergene:","value":["Enthält:Milch und daraus gewonnene Erzeugnisse (inkl. Laktose)"]},{"key":"Identitätskennzeichen:","value":["DE BY 145 EG"]},{"key":"Ursprungsland/Herkunftsort:","value":["Deutschland"]},{"key":"Kontakt:","value":["Käserebellen GmbH","Auerbergstraße 8, 86989 Steingaden, Deutschland"]}],"nutritions":[{"key":"","value":"Unzubereitet"},{"key":" ","value":"100 g"},{"key":"Energie","value":"1214 kJ | 293 kcal"},{"key":"Fett","value":"24 g"},{"key":"Fett, davon gesättigte Fettsäuren","value":"16,1 g"},{"key":"Kohlenhydrate","value":"1,3 g"},{"key":"Kohlenhydrate, davon Zucker","value":"1,3 g"},{"key":"Eiweiß","value":"18 g"},{"key":"Salz","value":"1,6 g"}],"tags":["Gekühlt","Glutenfrei"]},
    {"url":"https://www.interspar.at/shop/lebensmittel/p/6800789","data":[{"key":"price","value":"1,99 €"},{"key":"oldPrice","value":"\n\t\t\t\t\t\n\t\t\t\t\t \n\t\t\t\t"},{"key":"pricePerUnit","value":"(4.15 €/kg)"},{"key":"productDetailsName","value":"Danone Activia - Joghurt Natur 4 x 120g - 480 G"},{"key":"detailsDescription","value":"480 G"},{"key":"articleNumber","value":"Artikelnummer: 6800789"},{"key":"Lagerhinweis:","value":["Kühl bei maximal +8°C lagern."]},{"key":"Zutaten:","value":["Zutaten: JOGHURT. Mit Bifidus Kultur ActiRegularis®. In Großbuchstaben angegebene Zutaten enthalten allergene Inhaltsstoffe."]},{"key":"Allergene:","value":["Kann Spuren enthalten von:Glutenhaltiges Getreide und daraus hergestellte Erzeugnisse, Schalenfrüchte und daraus gewonnene Erzeugnisse","Enthält:Milch und daraus gewonnene Erzeugnisse (inkl. Laktose)"]},{"key":"Identitätskennzeichen:","value":["Benesov CZ 01 ES"]},{"key":"Kontakt:","value":["Danone GmbH","Technologiestraße 10, 1120 Wien, Österreich"]}],"nutritions":[{"key":" ","value":"100 g"},{"key":"","value":"Unzubereitet"},{"key":"Energie","value":"288 kJ | 69 kcal | 3 %"},{"key":"Fett","value":"3,4 g | 5 %"},{"key":"Fett, davon gesättigte Fettsäuren","value":"2,1 g | 11 %"},{"key":"Kohlenhydrate","value":"5,1 g | 2 %"},{"key":"Kohlenhydrate, davon Zucker","value":"5,1 g | 6 %"},{"key":"Eiweiß","value":"4,5 g | 9 %"},{"key":"Salz","value":"0,15 g | 3 %"},{"key":"Kalzium","value":"145 mg | 18 %"}],"tags":["immer Billig"]},
    {"url":"https://www.interspar.at/shop/lebensmittel/p/7129346","data":[{"key":"price","value":"2,99 €"},{"key":"oldPrice","value":"\n\t\t\t\t\t\n\t\t\t\t\t \n\t\t\t\t"},{"key":"pricePerUnit","value":"(16.61 €/kg)"},{"key":"productDetailsName","value":"Saint Albray - Französischer Weichkäse leicht - 180 G"},{"key":"detailsDescription","value":"180 G"},{"key":"articleNumber","value":"Artikelnummer: 7129346"},{"key":"Lagerhinweis:","value":["Bei +2°C bis +8°C lagern."]},{"key":"Zutaten:","value":["Zutaten: pasteurisierte KUHMILCH, Speisesalz, Käsereikulturen, Farbstoffe: Beta-Carotin, E 160e in der Rinde. In Großbuchstaben angegebene Zutaten enthalten allergene Inhaltsstoffe."]},{"key":"Allergene:","value":["Kann Spuren von Schafsmilch enthalten.","Kann Spuren enthalten von:Milch und daraus gewonnene Erzeugnisse (inkl. Laktose)","Enthält:Milch und daraus gewonnene Erzeugnisse (inkl. Laktose)"]},{"key":"","value":["Fettreduziert gegenüber Weichkäse mit 62% Fett i. Tr./ F. i. T."]},{"key":"","value":["Laktosefrei"]},{"key":"Identitätskennzeichen:","value":["FR 64.284.100 CE"]},{"key":"Ursprungsland/Herkunftsort:","value":["Frankreich"]},{"key":"Kontakt:","value":["Fromageries Perreault","53170 Meslay du Maine, Frankreich"]}],"nutritions":[{"key":"","value":"Unzubereitet"},{"key":" ","value":"100 g"},{"key":"Energie","value":"1097 kJ | 264 kcal"},{"key":"Fett","value":"20 g"},{"key":"Fett, davon gesättigte Fettsäuren","value":"15 g"},{"key":"Kohlenhydrate","value":"< 0,5 g"},{"key":"Kohlenhydrate, davon Stärke","value":"< 0,5 g"},{"key":"Eiweiß","value":"21 g"},{"key":"Salz","value":"1,5 g"},{"key":"","value":"Unzubereitet"},{"key":" ","value":"Portion (30 g)"},{"key":"Energie","value":"329 kJ | 79 kcal"},{"key":"Fett","value":"6 g"},{"key":"Fett, davon gesättigte Fettsäuren","value":"4,5 g"},{"key":"Kohlenhydrate","value":"< 0,2 g"},{"key":"Kohlenhydrate, davon Zucker","value":"< 0,2 g"},{"key":"Eiweiß","value":"6,3 g"},{"key":"Salz","value":"0,45 g"}],"tags":["Lactosefrei"]},
    {"url":"https://www.interspar.at/shop/lebensmittel/p/3045930","data":[{"key":"price","value":"2,99 €"},{"key":"oldPrice","value":"\n\t\t\t\t\t\n\t\t\t\t\t \n\t\t\t\t"},{"key":"pricePerUnit","value":"(14.95 €/kg)"},{"key":"productDetailsName","value":"Chaumes - Weichkäse - 200 G"},{"key":"detailsDescription","value":"200 G"},{"key":"articleNumber","value":"Artikelnummer: 3045930"},{"key":"Lagerhinweis:","value":["Bei +2°C bis +8°C lagern."]},{"key":"Zutaten:","value":["Zutaten: pasteurisierte KUHMILCH, Speisesalz, Käsereikulturen, Farbstoff: Beta-Carotin in der Rinde. In Großbuchstaben angegebene Zutaten enthalten allergene Inhaltsstoffe."]},{"key":"Allergene:","value":["Enthält:Milch und daraus gewonnene Erzeugnisse (inkl. Laktose)"]},{"key":"","value":["Laktosefrei"]},{"key":"Identitätskennzeichen:","value":["FR 24.370.002 CE"]},{"key":"Ursprungsland/Herkunftsort:","value":["Frankreich"]},{"key":"Kontakt:","value":["Chaumes","Postfach 45, 1104 Wien, Österreich"]}],"nutritions":[{"key":"","value":"Unzubereitet"},{"key":" ","value":"100 g"},{"key":"Energie","value":"1396 kJ | 337 kcal"},{"key":"Fett","value":"29 g"},{"key":"Fett, davon gesättigte Fettsäuren","value":"21 g"},{"key":"Kohlenhydrate","value":"< 0,5 g"},{"key":"Kohlenhydrate, davon Stärke","value":"< 0,5 g"},{"key":"Eiweiß","value":"19 g"},{"key":"Salz","value":"2,2 g"},{"key":"","value":"Unzubereitet"},{"key":" ","value":"Portion (30 g)"},{"key":"Energie","value":"419 kJ | 101 kcal"},{"key":"Fett","value":"8,7 g"},{"key":"Fett, davon gesättigte Fettsäuren","value":"6,3 g"},{"key":"Kohlenhydrate","value":"< 0,2 g"},{"key":"Kohlenhydrate, davon Zucker","value":"< 0,2 g"},{"key":"Eiweiß","value":"5,7 g"},{"key":"Salz","value":"0,66 g"}],"tags":["Glutenfrei","Lactosefrei"]},
    {"url":"https://www.interspar.at/shop/lebensmittel/p/4038153","data":[{"key":"price","value":"1,49 €"},{"key":"oldPrice","value":"\n\t\t\t\t\t\n\t\t\t\t\t \n\t\t\t\t"},{"key":"pricePerUnit","value":"(7.45 €/kg)"},{"key":"productDetailsName","value":"Mevgal - Tzatziki - 200 G"},{"key":"detailsDescription","value":"200 G"},{"key":"articleNumber","value":"Artikelnummer: 4038153"},{"key":"Lagerhinweis:","value":["Bei +8°C lagern."]},{"key":"Zutaten:","value":["Zutaten: Joghurt 10% Fett (entrahmte MILCH, SAHNE, MILCHPROTEIN, JOGHURTKULTUREN), MAGERMILCHPULVER, teilweise hydriertes Palmöl, SOJAÖL und Sonnenblumenöl, Gelatine, frische Gurken, Wasser, Weingeistessig, Knoblauch, modifizierte Stärke, Maisstärke, Salz, Stabilisatoren: Xanthan, Guarkernmehl, Konservierungsmittel: Natriumbenzoat, Kaliumsorbat. In Großbuchstaben angegebene Zutaten enthalten allergene Inhaltsstoffe."]},{"key":"Allergene:","value":["Kann Spuren von Ei, Senf, Fisch, Gluten, Sesam und Sellerie enthalten.","Kann Spuren enthalten von:Eier und daraus gewonnene Erzeugnisse, Fische und daraus gewonnene Erzeugnisse, Glutenhaltiges Getreide und daraus hergestellte Erzeugnisse, Sellerie und daraus gewonnene Erzeugnisse, Senf und daraus gewonnene Erzeugnisse, Sesamsamen und daraus gewonnene Erzeugnisse","Enthält:Milch und daraus gewonnene Erzeugnisse (inkl. Laktose), Sojabohnen und daraus gewonnene Erzeugnisse"]},{"key":"Identitätskennzeichen:","value":["GR 18.2.115 EC"]},{"key":"Kontakt:","value":["Mevgal S.A","57100 KoufaliaThessaloniki, Griechenland"]}],"nutritions":[{"key":"","value":"Unzubereitet"},{"key":" ","value":"100 g"},{"key":"Energie","value":"698 kJ | 169 kcal"},{"key":"Fett","value":"15 g"},{"key":"Fett, davon gesättigte Fettsäuren","value":"5,4 g"},{"key":"Kohlenhydrate","value":"4,8 g"},{"key":"Kohlenhydrate, davon Zucker","value":"2,4 g"},{"key":"Eiweiß","value":"3,4 g"},{"key":"Salz","value":"0,9 g"}],"tags":[]},
    {"url":"https://www.interspar.at/shop/lebensmittel/p/8168610","data":[{"key":"price","value":"2,49 €"},{"key":"oldPrice","value":"\n\t\t\t\t\t\n\t\t\t\t\t \n\t\t\t\t"},{"key":"pricePerUnit","value":"(9.96 €/kg)"},{"key":"productDetailsName","value":"Tante Fanny - Strudelteigblätter Filo-/Yufkateig - 250 G"},{"key":"detailsDescription","value":"250 G"},{"key":"articleNumber","value":"Artikelnummer: 8168610"},{"key":"Lagerhinweis:","value":["Gekühlt lagern bei +2°C bis +7°C."]},{"key":"Zutaten:","value":["Zutaten: WEIZENMEHL, Wasser, Glukosesirup, Sonnenblumenöl, Salz, Kartoffelstärke, Branntweinessig, Konservierungsstoff: Kaliumsorbat. In Großbuchstaben angegebene Zutaten enthalten allergene Inhaltsstoffe."]},{"key":"Allergene:","value":["Enthält:Glutenhaltiges Getreide und daraus hergestellte Erzeugnisse"]},{"key":"","value":["Laktosefrei"]},{"key":"Zubereitung:","value":["BackenFiloteigkörbchen mit Faschiertem/Hack Zutaten für 12 Stück 1 Pkg. Filo- oder Yufkateig 250g 100g tiefgefrorene junge Erbsen 3 Eier 3 EL Milch 3 Scheiben Toast 750g Faschiertes (Hackfleisch), gemischt 1 EL Tomatenmark 100g Mais 100g Kirschtomaten Salz, Cayennepfeffer, Fett für die Form 1. Backofen auf 200° C Ober-/Unterhitze bzw. 190° C Heißluft vorheizen. 2. Erbsen auftauen lassen. Die Mulden einer Muffinform ausfetten. Packung ca. 15 Min vor dem Verarbeiten aus dem Kühlschrank nehmen. Aus der Packung 6 Teigblätter entnehmen. Übrige Strudelblätter wieder fest einwickeln, kühl lagern und anderweitig verwenden. 3. Jedes Strudelteigblatt in 4 Quadrate schneiden. 1 Ei mit Milch vermischen. Teigquadrate damit dünn bepinseln. In jede Muffinform 2 Teigquadrate übereinander legen. 4. Toastbrot in Wasser einweichen. Faschiertes, 2 Eier, Tomatenmark und ausgedrücktes Toastbrot verkneten. Mit Salz und Cayennepfeffer würzen. Mais abtropfen lassen. Tomaten waschen und vierteln, Erbsen, Mais und Tomaten vorsichtig unter das Faschierte mischen und gleichmäßig in die Mulden verteilen. 5. Im vorgeheizten Backofen bei 200° C ca. 25 - 30 Min. garen. Eventuell mit Oregano garnieren.","BackenPackung ca. 15 - 20 Min. vor dem Verarbeiten aus dem Kühlschrank nehmen. Vor dem Öffnen der Packung die Fülle zubereiten. 1. Backofen auf 200° C Ober-/Unterhitze bzw. 190° C Heißluft vorheizen. 2. Befeuchtetes Tuch auf dem Tisch ausbreiten, ein trockenes darüberlegen. Teigblätter auf den vorbereiteten Tüchern entrollen und nach Rezept verarbeiten. Achtung: Die Filo- oder Yufkateigblätter werden mit 2 Stück Trennpapier geliefert, diese bitte vor dem Verarbeiten entfernen.","BackenBackzeit: Strudel bzw. Aufläufe ca. 25 - 30 Min. goldbraun backen. Kleingebäck ca. 15 - 20 Min. Tipp: Filo- oder Yufkateig aus geöffneten Packungen kann 1 - 2 Tage im Kühlschrank, luftdicht verpackt, aufgehoben werden","BackenGriechischer Spinatstrudel (Spanakopita) Zutaten für 1 Auflaufform (Format ca. 28 x 19 cm) 1 Pkg. Filo- oder Yufkateig 250g 1.000g Spinat, blanchiert oder aufgetaut 250g Schafkäse, würfelig geschnitten 2 Zwiebeln, in Streifen geschnitten 2 Knoblauchzehen, gehackt 6 Stk. Kirschtomaten Frischer Thymian, Salz und Pfeffer Öl zum Bestreichen 1. Backofen auf 180° C Ober-/Unterhitze bzw. 170° C Heißluft vorheizen und Packung ca. 15 Min. vor dem Verarbeiten aus dem Kühlschrank nehmen. 2. Schafkäse, Spinat (abgetropft), Zwiebel und Knoblauch vorsichtig vermischen, mit Salz und Pfeffer würzen. 3. 8 Teigblätter in eine befettete Auflaufform legen, so dass die Teigblätter über den Rand hängen. Zwischen die Teigblätter immer Öl pinseln. 4. Fülle auf die Teigblätter geben, mit Kirschtomaten belegen und überstehende Teigblätter auf die Fülle klappen. die restlichen Blätter noch auf die Fülle legen und drapieren. 5. Mit Öl beträufeln und mit frischen Thymian bestreuen. 6. Im vorgeheizten Backofen bei180° C ca. 30 - 35 Min. goldgelb backen."]},{"key":"Kontakt:","value":["Tante Fanny Frischteig GmbH","Parkstraße 24, 4311 Schwertberg, Österreich"]}],"nutritions":[{"key":"","value":"Unzubereitet"},{"key":" ","value":"100 g"},{"key":"Energie","value":"1418 kJ | 335 kcal"},{"key":"Fett","value":"4,8 g"},{"key":"Fett, davon gesättigte Fettsäuren","value":"0,6 g"},{"key":"Kohlenhydrate","value":"60 g"},{"key":"Kohlenhydrate, davon Zucker","value":"4,8 g"},{"key":"Ballaststoffe","value":"3,5 g"},{"key":"Eiweiß","value":"11 g"},{"key":"Salz","value":"1,2 g"}],"tags":["Vegan","Lactosefrei"]},
    {"url":"https://www.interspar.at/shop/lebensmittel/p/2020000758235","data":[{"key":"price","value":"3,99 €"},{"key":"oldPrice","value":"\n\t\t\t\t\t\n\t\t\t\t\t \n\t\t\t\t"},{"key":"pricePerUnit","value":"(9.98 €/kg)"},{"key":"productDetailsName","value":"Weight Watchers - Gemüselasagne - 400 G"},{"key":"detailsDescription","value":"400 G"},{"key":"articleNumber","value":"Artikelnummer: 2020000758235"},{"key":"Lagerhinweis:","value":["Bei +2°C bis +7°C lagern."]},{"key":"Zutaten:","value":["Zutaten: Wasser, Tomatenpulpe 21%, Teigblätter 11% (Wasser, modifizierte WEIZENSTÄRKE, HARTWEIZENGRIESS, WEIZENGLUTEN, HÜHNEREIEIWEISSPULVER, Gewürze), Karotten 10%, Lauch 4%, SELLERIE 3%, MILCH, Schmelzkäse (KÄSE, Wasser, Schmelzsalze: Polyphosphate und Natriumphosphate, Kartoffelstärke, Speisesalz), Zucchini 2,5%, Brokkoli 2,5%, Tomatenmarkkonzentrat 2,5%,  Zwiebeln 2,3%, SAHNE, modifizierte Stärke, jodiertes Speisesalz (Speisesalz, Kaliumjodid), Basilikum 0,2%, MAGERMILCHPULVER, WEIZENMEHL, Zucker, Verdickungsmittel: Guarkernmehl, Xanthan und Agar Agar; Maltodextrin, Dextrose, Gemüseextrakt (Zwiebel, Blumenkohl, Brokkoli, Karotten), Maisstärke, Zwiebelpulver, Knoblauchpulver, Liebstöckelpulver, Kurkuma, Rapsöl, Gewürze. In Großbuchstaben angegebene Zutaten enthalten allergene Inhaltsstoffe."]},{"key":"Allergene:","value":["Enthält:Eier und daraus gewonnene Erzeugnisse, Glutenhaltiges Getreide und daraus hergestellte Erzeugnisse, Milch und daraus gewonnene Erzeugnisse (inkl. Laktose), Sellerie und daraus gewonnene Erzeugnisse"]},{"key":"","value":["Pro Portion: 9 ProPoints Wert."]},{"key":"Zubereitung:","value":["Zubereitung in der MikrowelleVor dem Erwärmen Kartonverpackung und Deckfolie ganz entfernen. Die Schale bei 800 Watt ca. 5 Minuten erhitzen. Das Produkt darf nicht mit der Grillfunktion erhitzt werden. Eine Minute stehen lassen, anrichten und servieren.","BackenVor dem Erwärmen Kartonverpackung und Deckfolie ganz entfernen. Die Schale in der Mitte des auf 180°C vorgeheizten Ofens ca. 18 Minuten erhitzen. Das Produkt darf nicht mit der Grillfunktion erhitzt werden. 1 Minute stehen lassen, anrichten und servieren."]},{"key":"Kontakt:","value":["Gastina GmbH","Schneebertschgasse 3, 6820 Frastanz, Österreich"]}],"nutritions":[{"key":"","value":"Unzubereitet"},{"key":" ","value":"100 g"},{"key":"Energie","value":"274 kJ | 65 kcal"},{"key":"Fett","value":"1,4 g"},{"key":"Fett, davon gesättigte Fettsäuren","value":"0,8 g"},{"key":"Kohlenhydrate","value":"9 g"},{"key":"Kohlenhydrate, davon Zucker","value":"2,2 g"},{"key":"Ballaststoffe","value":"2 g"},{"key":"Eiweiß","value":"3,1 g"},{"key":"Salz","value":"0,7 g"},{"key":"","value":"Unzubereitet"},{"key":" ","value":"Portion (400 g)"},{"key":"Energie","value":"1096 kJ | 260 kcal"},{"key":"Fett","value":"5,6 g"},{"key":"Fett, davon gesättigte Fettsäuren","value":"3,2 g"},{"key":"Kohlenhydrate","value":"36 g"},{"key":"Kohlenhydrate, davon Zucker","value":"8,8 g"},{"key":"Ballaststoffe","value":"8 g"},{"key":"Eiweiß","value":"12,4 g"},{"key":"Salz","value":"2,8 g"}],"tags":["Vegetarisch"]},
    {"url":"https://www.interspar.at/shop/lebensmittel/p/2020000758280","data":[{"key":"price","value":"3,99 €"},{"key":"oldPrice","value":"\n\t\t\t\t\t\n\t\t\t\t\t \n\t\t\t\t"},{"key":"pricePerUnit","value":"(9.98 €/kg)"},{"key":"productDetailsName","value":"Weight Watchers - Linguine Funghi in Pilz-Sahne-Sauce - 400 G"},{"key":"detailsDescription","value":"400 G"},{"key":"articleNumber","value":"Artikelnummer: 2020000758280"},{"key":"Lagerhinweis:","value":["Bei +2°C bis +7°C lagern."]},{"key":"Zutaten:","value":["Zutaten: Teigwaren gekocht 43% (Wasser, modifizierte Stärke, HARTWEIZENGRIESS, WEIZENGLUTEN, Gewürze), Wasser, Champignons 10%, SAHNE 5%, MAGERMILCHPULVER 2%, modifizierte Stärke, Champignonpulver, jodiertes Speisesalz (Speisesalz, Kaliumjodid), Maltodextrin, Dextrose, Gemüseextrakt (Zwiebel, Blumenkohl, Brokkoli, Karotten), Maisstärke, Zwiebelpulver, Knoblauchpulver, Basilikum, Tomatenmarkkonzentrat, Petersilie, Rapsöl, GERSTENMALZEXTRAKT, Verdickungsmittel: Xanthan; Zucker, Gewürze. In Großbuchstaben angegebene Zutaten enthalten allergene Inhaltsstoffe."]},{"key":"Allergene:","value":["Enthält:Glutenhaltiges Getreide und daraus hergestellte Erzeugnisse, Milch und daraus gewonnene Erzeugnisse (inkl. Laktose)"]},{"key":"","value":["Pro Portion: 11 ProPoints Wert."]},{"key":"Zubereitung:","value":["Zubereitung in der MikrowelleVor dem Erwärmen Kartonverpackung entfernen und Deckfolie mehrmals einstechen. Die Schale bei 600 Watt ca. 4 - 4,5 Minuten erhitzen. Eine Minute stehen lassen. Deckfolie von der Schale trennen, anrichten und servieren.","Erhitzen und servierenKartonverpackung entfernen und den Inhalt der Schale mit 2 EL Wasser in eine Pfanne geben. Unter mehrmaligem Wenden bei mittlerer Hitze ca. 4-5 Minuten erwärmen. Anrichten und servieren."]},{"key":"Kontakt:","value":["Gastina GmbH","Schneebertschgasse 3, 6820 Frastanz, Österreich"]}],"nutritions":[{"key":"","value":"Unzubereitet"},{"key":" ","value":"100 g"},{"key":"Energie","value":"341 kJ | 82 kcal"},{"key":"Fett","value":"2 g"},{"key":"Fett, davon gesättigte Fettsäuren","value":"1,3 g"},{"key":"Kohlenhydrate","value":"8,1 g"},{"key":"Kohlenhydrate, davon Zucker","value":"2,4 g"},{"key":"Ballaststoffe","value":"8,1 g"},{"key":"Eiweiß","value":"3,8 g"},{"key":"Salz","value":"0,75 g"},{"key":"","value":"Unzubereitet"},{"key":" ","value":"Portion (400 g)"},{"key":"Energie","value":"1364 kJ | 328 kcal"},{"key":"Fett","value":"8 g"},{"key":"Fett, davon gesättigte Fettsäuren","value":"5,2 g"},{"key":"Kohlenhydrate","value":"32,4 g"},{"key":"Kohlenhydrate, davon Zucker","value":"9,6 g"},{"key":"Ballaststoffe","value":"32,4 g"},{"key":"Eiweiß","value":"15,2 g"},{"key":"Salz","value":"3 g"}],"tags":["Vegetarisch"]},
    {"url":"https://www.interspar.at/shop/lebensmittel/p/2020000758303","data":[{"key":"price","value":"3,99 €"},{"key":"oldPrice","value":"\n\t\t\t\t\t\n\t\t\t\t\t \n\t\t\t\t"},{"key":"pricePerUnit","value":"(11.40 €/kg)"},{"key":"productDetailsName","value":"Weight Watchers - Ricotta Spinat Tortelloni in Käse-Sahne-Sauce - 350 G"},{"key":"detailsDescription","value":"350 G"},{"key":"articleNumber","value":"Artikelnummer: 2020000758303"},{"key":"Lagerhinweis:","value":["Bei +2°C bis +7°C lagern."]},{"key":"Zutaten:","value":["Zutaten: Tortelloni 40% (Teig 72% [Wasser, HARTWEIZENGRIESS, modifizierte Stärke, HÜHNEREI-EIWEISS, WEIZENEIWEISS, Gewürze], Füllung 28% [Spinat 34%, Schmelzkäse [KÄSE, Wasser, Kartoffelstärke, Schmelzsalz: Polyphosphate und Natriumphosphate, Speisesalz], Paniermehl (WEIZENMEHL, Hefe, Speisesalz), RICOTTA-KÄSE 17%, Zitrusfaser, jodiertes Speisesalz (Speisesalz, Kaliumjodid), Basilikum, Stärke, Gewürze, Zucker, Rapsöl, Gewürzextrakt]), Wasser, MAGERMILCHPULVER, SAHNE 2,6%, KÄSE 2,6% [HARTKÄSE, BLAUSCHIMMELKÄSE], modifizierte Stärke, jodiertes Speisesalz (Speisesalz, Kaliumjodid), Gemüse (Zwiebeln, Lauch, SELLERIE), Schnittlauch, Dextrose, Maltodextrin, Gewürze. In Großbuchstaben angegebene Zutaten enthalten allergene Inhaltsstoffe."]},{"key":"Allergene:","value":["Enthält:Eier und daraus gewonnene Erzeugnisse, Glutenhaltiges Getreide und daraus hergestellte Erzeugnisse, Milch und daraus gewonnene Erzeugnisse (inkl. Laktose), Sellerie und daraus gewonnene Erzeugnisse"]},{"key":"","value":["Pro Portion: 12 ProPoints Wert."]},{"key":"Zubereitung:","value":["Erhitzen und servierenKartonverpackung entfernen und den Inhalt der Schale mit 2 EL Wasser in einen Topf geben. Unter mehrmaligem Wenden bei mittlerer Hitze ca. 4-5 Minuten erwärmen. Anrichten und servieren.","Zubereitung in der MikrowelleVor dem Erwärmen Kartonverpackung entfernen und Deckelfolie mehrmals einstechen. Die Schale bei 600 Watt ca. 4-4,5 Minuten erhitzen. Eine Minute stehen lassen. Deckelfolie von der Schale  trennen, anrichten und servieren."]},{"key":"Kontakt:","value":["Gastina GmbH","Schneebertschgasse 3, 6820 Frastanz, Österreich"]}],"nutritions":[{"key":"","value":"Unzubereitet"},{"key":" ","value":"100 g"},{"key":"Energie","value":"473 kJ | 113 kcal"},{"key":"Fett","value":"2 g"},{"key":"Fett, davon gesättigte Fettsäuren","value":"1,3 g"},{"key":"Kohlenhydrate","value":"14,6 g"},{"key":"Kohlenhydrate, davon Zucker","value":"2,4 g"},{"key":"Ballaststoffe","value":"5,3 g"},{"key":"Eiweiß","value":"6,4 g"},{"key":"Salz","value":"1,03 g"},{"key":"","value":"Unzubereitet"},{"key":" ","value":"Portion (350 g)"},{"key":"Energie","value":"1656 kJ | 396 kcal"},{"key":"Fett","value":"7 g"},{"key":"Fett, davon gesättigte Fettsäuren","value":"4,6 g"},{"key":"Kohlenhydrate","value":"51,1 g"},{"key":"Kohlenhydrate, davon Zucker","value":"8,4 g"},{"key":"Ballaststoffe","value":"18,6 g"},{"key":"Eiweiß","value":"22,4 g"},{"key":"Salz","value":"3,6 g"}],"tags":["Vegetarisch"]},
    {"url":"https://www.interspar.at/shop/lebensmittel/p/2020000966418","data":[{"key":"price","value":"2,49 €"},{"key":"oldPrice","value":"\n\t\t\t\t\t\n\t\t\t\t\t \n\t\t\t\t"},{"key":"pricePerUnit","value":"(4.98 €/kg)"},{"key":"productDetailsName","value":"SPAR Feine Küche - Kartoffelrösti 2 Portionen - 500 G"},{"key":"detailsDescription","value":"500 G"},{"key":"articleNumber","value":"Artikelnummer: 2020000966418"},{"key":"Lagerhinweis:","value":["Vor und nach dem Öffnen gekühlt lagern und nach dem Öffnen innerhalb von 2 Tagen verbrauchen."]},{"key":"Zutaten:","value":["Zutaten: Kartoffeln 94%, Rapsöl, Speisesalz unjodiert, Kartoffelstärke, Reismehl, Gewürze, Antioxidationsmittel: Ascorbinsäure, KALIUMMETABISULFIT, Citronensäure; Zucker, Gewürzextrakte, Zitronensaftkonzentrat. In Großbuchstaben angegebene Zutaten enthalten allergene Inhaltsstoffe."]},{"key":"Allergene:","value":["Enthält:Schwefeldioxid und Sulphite"]},{"key":"","value":["einfach OHNE:ohne Konservierungsstoffeohne Geschmacksverstärker"]},{"key":"Zubereitung:","value":["Grillen/Braten mit OberhitzeRösti ohne Zugabe von Fett in eine beschichtete Pfanne geben und auflockern. Bei kleiner bis mittlerer Hitze goldgelb anbraten. Zwischendurch die Rösti etwas andrücken. Die einseitig angebratenen Rösti wenden und auch auf der anderen Seite goldgelb anbraten. Zubereitungszeit: ca. 15 Minuten."]},{"key":"Zusatztext:","value":["Feinschmeckertipp: Genießen Sie die SPAR Feine Küche Kartoffelrösti mit frischem Sauerrahmdip mit Kräutern oder als Beilage zu Geschnetzeltem."]},{"key":"Ursprungsland/Herkunftsort:","value":["Sorgfältig hergestellt in Liechtenstein"]},{"key":"Verbrauchen nach dem Öffnen:","value":["2 Tage"]},{"key":"Kontakt:","value":["SPAR Österr. Warenhandels-AG","Europastraße 3, 5015 Salzburg, Österreich"]}],"nutritions":[{"key":"","value":"Unzubereitet"},{"key":" ","value":"100 g"},{"key":"Energie","value":"430 kJ | 103 kcal"},{"key":"Fett","value":"4,4 g"},{"key":"Fett, davon gesättigte Fettsäuren","value":""},{"key":"Kohlenhydrate","value":"13 g"},{"key":"Kohlenhydrate, davon Zucker","value":"0 g"},{"key":"Ballaststoffe","value":"2 g"},{"key":"Eiweiß","value":"1,8 g"},{"key":"Salz","value":"0,98 g"},{"key":"Broteinheiten","value":"1,1 BE"},{"key":"","value":"Unzubereitet"},{"key":" ","value":"Portion (250 g)"},{"key":"Energie","value":"1076 kJ | 257 kcal"},{"key":"Fett","value":"11 g"},{"key":"Fett, davon gesättigte Fettsäuren","value":"1 g"},{"key":"Kohlenhydrate","value":"33 g"},{"key":"Kohlenhydrate, davon Zucker","value":"0 g"},{"key":"Ballaststoffe","value":"5 g"},{"key":"Eiweiß","value":"4,5 g"},{"key":"Salz","value":"2,5 g"},{"key":"Broteinheiten","value":"2,7 BE"}],"tags":["Lactosefrei"]},
    {"url":"https://www.interspar.at/shop/lebensmittel/p/2020001082582","data":[{"key":"price","value":"3,99 €"},{"key":"oldPrice","value":"\n\t\t\t\t\t\n\t\t\t\t\t \n\t\t\t\t"},{"key":"pricePerUnit","value":"(11.40 €/kg)"},{"key":"productDetailsName","value":"Weight Watchers - Veggie Spaghetti Bolognese mit Tomaten-Soja-Sauce - 350 G"},{"key":"detailsDescription","value":"350 G"},{"key":"articleNumber","value":"Artikelnummer: 2020001082582"},{"key":"Lagerhinweis:","value":["Bei +2°C bis +7°C lagern."]},{"key":"Zutaten:","value":["Zutaten: Teigwaren gekocht 45% (Wasser, modifizierte WEIZENSTÄRKE, HARTWEIZENGRIESS, WEIZENGLUTEN, Gewürze, Rapsöl, jodiertes Speisesalz [Speisesalz, Kaliumjodid]), Wasser, Tomaten 19%, Tomatenmarkkonzentrat 4%, SOJAGRANULAT 3%, Karotten, SELLERIE, Rapsöl, Maisstärke, Gemüsebouillon (Speisesalz, Dextrose, Maltodextrin, Zwiebelpulver, Maisstärke, Gewürze, Gemüseextrakt [Zwiebeln, Blumenkohl, Brokkoli, Karotten], Rapsöl), jodiertes Speisesalz (Speisesalz, Kaliumjodid), Dextrose, Zucker, Petersilie, Basilikum 0,2% , Gewürze, Knoblauch. In Großbuchstaben angegebene Zutaten enthalten allergene Inhaltsstoffe."]},{"key":"Allergene:","value":["Enthält:Glutenhaltiges Getreide und daraus hergestellte Erzeugnisse, Sellerie und daraus gewonnene Erzeugnisse, Sojabohnen und daraus gewonnene Erzeugnisse"]},{"key":"","value":["Pro Portion: 9 ProPoints Wert."]},{"key":"","value":["Laktosefrei"]},{"key":"Zubereitung:","value":["Zubereitung in der MikrowelleVor dem Erwärmen Kartonverpackung entfernen und Deckfolie mehrmals einstechen. Die Schale bei 600 Watt ca. 4-4,5 Minuten erhitzen. Eine Minute stehen lassen. Deckfolie von der Schale trennen, anrichten und servieren.","Erhitzen und servierenKartonverpackung entfernen und den Inhalt der Schale mit 2 EL Wasser in einen Topf geben. Unter mehrmaligem Wenden bei mittlerer Hitze ca. 4-5 Minuten erwärmen. Anrichten und servieren."]},{"key":"Kontakt:","value":["Gastina GmbH","Schneebertschgasse 3, 6820 Frastanz, Österreich"]}],"nutritions":[{"key":"","value":"Unzubereitet"},{"key":" ","value":"100 g"},{"key":"Energie","value":"409 kJ | 97 kcal"},{"key":"Fett","value":"1,5 g"},{"key":"Fett, davon gesättigte Fettsäuren","value":"0,2 g"},{"key":"Kohlenhydrate","value":"12,7 g"},{"key":"Kohlenhydrate, davon Zucker","value":"2,1 g"},{"key":"Ballaststoffe","value":"5,3 g"},{"key":"Eiweiß","value":"5,6 g"},{"key":"Salz","value":"0,67 g"},{"key":"","value":"Unzubereitet"},{"key":" ","value":"Portion (350 g)"},{"key":"Energie","value":"1432 kJ | 340 kcal"},{"key":"Fett","value":"5,3 g"},{"key":"Fett, davon gesättigte Fettsäuren","value":"0,7 g"},{"key":"Kohlenhydrate","value":"44,5 g"},{"key":"Kohlenhydrate, davon Zucker","value":"7,4 g"},{"key":"Ballaststoffe","value":"18,6 g"},{"key":"Eiweiß","value":"19,6 g"},{"key":"Salz","value":"2,4 g"}],"tags":["Vegan","Lactosefrei"]},
    {"url":"https://www.interspar.at/shop/lebensmittel/p/2020001845774","data":[{"key":"price","value":"2,79 €"},{"key":"oldPrice","value":"\n\t\t\t\t\t\n\t\t\t\t\t \n\t\t\t\t"},{"key":"pricePerUnit","value":"(6.98 €/l)"},{"key":"productDetailsName","value":"SPAR Vital - Asiatische Hühnersuppe - 400 ML"},{"key":"detailsDescription","value":"400 ML"},{"key":"articleNumber","value":"Artikelnummer: 2020001845774"},{"key":"Lagerhinweis:","value":["Vor und nach dem Öffnen gekühlt lagern. Nach dem Öffnen innerhalb von 2 Tagen genießen."]},{"key":"Zutaten:","value":["Zutaten: Wasser, 10,5% Hühnerbrust, Karotten, Paprika, 3,7% SOJABOHNEN, 3,7% Mungobohnenkeimlinge, Äpfel, 3,7% Reisnudeln (Reismehl, Wasser), 3% Ingwer, 3% Bambussprossen, Hühner-Bouillon (Salz unjodiert, Dextrose, Hühnerbrüheextrakt, Würze, natürliches Aroma (enthält WEIZEN), Stärke, Sonnenblumenöl, Aromen, Gewürz, Gewürzextrakt), Fischsauce (Wasser, SARDELLENEXTRAKT, Meersalz unjodiert, Zucker), Zitronensaft aus Zitronensaftkonzentrat, Salz unjodiert, pflanzliche Öle (Raps, Sonnenblume), Sojasauce (Wasser, SOJABOHNEN, WEIZEN, Salz unjodiert), Koriander, Chili, Limettenöl, Zitronengrasöl. In Großbuchstaben angegebene Zutaten enthalten allergene Inhaltsstoffe."]},{"key":"Allergene:","value":["Enthält:Fische und daraus gewonnene Erzeugnisse, Glutenhaltiges Getreide und daraus hergestellte Erzeugnisse, Sojabohnen und daraus gewonnene Erzeugnisse"]},{"key":"","value":["einfach OHNE: ohne Konservierungsstoffe ohne Geschmacksverstärker ohne Farbstoffzusatz"]},{"key":"","value":["Niedriger Gehalt an gesättigten Fettsäuren","Niedriger Gehalt an Zucker","Niedriger Gehalt an Fett"]},{"key":"Zubereitung:","value":["Zubereitung in der MikrowelleZiehen Sie die Kartonschleife ab, öffnen Sie den Deckel, legen Sie diesen lose auf den Rand, dann bei 600 Watt 4 bis 5 Minuten erhitzen, danach noch kurz umrühren und genießen. Vorsicht, der Becher wird heiß!","Erhitzen und servierenBei mittlerer Hitze ca. 4 Minuten unter ständigem Rühren erwärmen."]},{"key":"Identitätskennzeichen:","value":["AT 32522 EG"]},{"key":"Zusatztext:","value":["Eine abwechslungsreiche, ausgewogene Ernährung, Bewegung und ein gesunder Lebensstil sind wichtig für die Gesundheit."]},{"key":"Ursprungsland/Herkunftsort:","value":["hergestellt in Österreich"]},{"key":"Kontakt:","value":["SPAR Österr. Warenhandels-AG","Europastraße 3, 5015 Salzburg, Österreich","office@spar.at"]}],"nutritions":[{"key":"","value":"Unzubereitet"},{"key":"Energie","value":"184 kJ | 44 kcal"},{"key":"Fett","value":"1,4 g"},{"key":"Fett, davon gesättigte Fettsäuren","value":"0,3 g"},{"key":"Kohlenhydrate","value":"4,1 g"},{"key":"Kohlenhydrate, davon Zucker","value":"2,2 g"},{"key":"Ballaststoffe","value":"0,7 g"},{"key":"Eiweiß","value":"3,4 g"},{"key":"Salz","value":"0,55 g"},{"key":"Broteinheiten","value":"0,3 BE"}],"tags":[]},
    {"url":"https://www.interspar.at/shop/lebensmittel/p/2344881","data":[{"key":"price","value":"3,49 €"},{"key":"oldPrice","value":"\n\t\t\t\t\t\n\t\t\t\t\t \n\t\t\t\t"},{"key":"pricePerUnit","value":"(10.58 €/kg)"},{"key":"productDetailsName","value":"SPAR Vital - Huhn Indische Art - 330 G"},{"key":"detailsDescription","value":"330 G"},{"key":"articleNumber","value":"Artikelnummer: 2344881"},{"key":"Lagerhinweis:","value":["Gekühlt lagern bei +2°C bis +5°C. Nach dem Öffnen sofort verzehren."]},{"key":"Zutaten:","value":["Zutaten: Sauce 43% (Wasser, SCHLAGOBERS, Zwiebeln, JOGURTPULVER, WEIZENMEHL, Kokosflocken, MANDELN, Gewürzextrakte, Speisesalz jodiert [Speisesalz, Kaliumjodid], Tomatenmark 2-fach konzentriert, Maisstärke, Gewürze [enthält SENF], Zucker, Aroma, Rapsöl, Karamellzuckersirup), gegarter Reis 39% (Wasser, Reis, Gewürzextrakte), gebratene Hühnerbrust 18% (Hühnerbrustfilet, Rapsöl, Wasser, pflanzliche Fette [Shea, Kokos], modifizierte Stärke, Maltodextrin, Emulgator: Mono- und Diglyceride von Speisefettsäuren, jodiertes Speisesalz [Speisesalz, Kaliumjodid]). In Großbuchstaben angegebene Zutaten enthalten allergene Inhaltsstoffe."]},{"key":"Allergene:","value":["Enthält:Glutenhaltiges Getreide und daraus hergestellte Erzeugnisse, Milch und daraus gewonnene Erzeugnisse (inkl. Laktose), Schalenfrüchte und daraus gewonnene Erzeugnisse, Senf und daraus gewonnene Erzeugnisse"]},{"key":"","value":["zuckerarmeinfach OHNE:ohne Konservierungsstoffeohne Farbstoffzusatzohne Geschmacksverstärker"]},{"key":"","value":["Proteinquelle"]},{"key":"Zubereitung:","value":["Erhitzen und servierenPackungsinhalt in eine heiße Pfanne geben und bei mittlerer Hitze unter häufigem Umrühren ca. 3 bis 4 Minuten erhitzen.","Zubereitung in der MikrowellePackungsfolie mit einer Gabel mehrfach einstechen. Die geschlossene Schale ca. 3 bis 4 Minuten bei 600 Watt erhitzen. Kurz ruhen lassen, die Folie abziehen, anrichten und genießen."]},{"key":"Identitätskennzeichen:","value":["AT 30733 EG"]},{"key":"Zusatztext:","value":["Schonende Zubereitung in der Mikrowelle.Eine abwechslungsreiche, ausgewogene Ernährung, Bewegung und ein gesunder Lebensstil sind wichtig für die Gesundheit."]},{"key":"Ursprungsland/Herkunftsort:","value":["Hühnerfleisch aus Österreich"]},{"key":"Kontakt:","value":["SPAR Österr. Warenhandels-AG","Europastraße 3, 5015 Salzburg, Österreich"]}],"nutritions":[{"key":"","value":"Unzubereitet"},{"key":" ","value":"100 g"},{"key":"Energie","value":"656 kJ | 156 kcal"},{"key":"Fett","value":"6,6 g"},{"key":"Fett, davon gesättigte Fettsäuren","value":"3 g"},{"key":"Kohlenhydrate","value":"16 g"},{"key":"Kohlenhydrate, davon Zucker","value":"1,9 g"},{"key":"Ballaststoffe","value":"0,7 g"},{"key":"Eiweiß","value":"7,9 g"},{"key":"Salz","value":"1 g"},{"key":"Broteinheiten","value":"1,3 BE"},{"key":"","value":"Unzubereitet"},{"key":" ","value":"Portion (330 g)"},{"key":"Energie","value":"2165 kJ | 516 kcal | 26 %"},{"key":"Fett","value":"22 g | 31 %"},{"key":"Fett, davon gesättigte Fettsäuren","value":"9,9 g | 50 %"},{"key":"Kohlenhydrate","value":"53 g | 20 %"},{"key":"Kohlenhydrate, davon Zucker","value":"6,3 g | 7 %"},{"key":"Ballaststoffe","value":"2,3 g"},{"key":"Eiweiß","value":"26 g | 52 %"},{"key":"Salz","value":"3,3 g | 55 %"},{"key":"Broteinheiten","value":"4,4 BE"}],"tags":[]},
    {"url":"https://www.interspar.at/shop/lebensmittel/p/2550008","data":[{"key":"price","value":"2,19 €"},{"key":"oldPrice","value":"\n\t\t\t\t\t\n\t\t\t\t\t \n\t\t\t\t"},{"key":"pricePerUnit","value":"(10.43 €/kg)"},{"key":"productDetailsName","value":"SPAR Veggie - Hummus-Trio Natur/Curry/Koriander-Limette 3 x 70g - 210 G"},{"key":"detailsDescription","value":"210 G"},{"key":"articleNumber","value":"Artikelnummer: 2550008"},{"key":"Lagerhinweis:","value":["Vor und nach dem Öffnen gekühlt bei +2°C bis +7°C lagern und nach dem Öffnen rasch verbrauchen."]},{"key":"Zutaten:","value":["Zutaten: Rein pflanzlicher Brotaufstrich aus Kichererbsen: Kichererbsen 37%, Wasser, Olivenöl, Sesampaste (SESAM, Salz), Salz, Säuerungsmittel: Citronensäure, Knoblauch, Konservierungsstoff: Sorbinsäure, Benzoesäure, Pfeffer; Rein pflanzlicher Brotaufstrich aus Kichererbsen mit Curry: Kichererbsen 35%, Olivenöl, Sesampaste (SESAM, Salz), Wasser, Zucker, Salz, Säuerungsmittel: Citronensäure, Knoblauch, Karottenextrakt, Pfeffer, Weinessig, Curry 0,2%, Verdickungsmittel: Guarkernmehl, Konservierungsstoff: Sorbinsäure, Benzoesäure; Rein pflanzlicher Brotaufstrich aus Kichererbsen mit Koriander und Limettensaft: Kichererbsen 35%, Olivenöl, Sesampaste (SESAM, Salz), Wasser, Limettensaft 5%, Koriander 4%, Salz, Säuerungsmittel: Citronensäure, Knoblauch, Konservierungsstoff: Sorbinsäure, Benzoesäure, Pfeffer. In Großbuchstaben angegebene Zutaten enthalten allergene Inhaltsstoffe."]},{"key":"Allergene:","value":["Enthält:Sesamsamen und daraus gewonnene Erzeugnisse"]},{"key":"Zusatztext:","value":["Eine abwechslungsreiche, ausgewogene Ernährung, Bewegung und ein gesunder Lebensstil sind wichtig für die Gesundheit."]},{"key":"Kontakt:","value":["SPAR Österr. Warenhandels-AG","Europastraße 3, 5015 Salzburg, Österreich"]}],"nutritions":[{"key":"","value":"Unzubereitet"},{"key":" ","value":"100 g"},{"key":"Energie","value":"1355 kJ | 328 kcal"},{"key":"Fett","value":"30 g"},{"key":"Fett, davon gesättigte Fettsäuren","value":"3,4 g"},{"key":"Kohlenhydrate","value":"7,4 g"},{"key":"Kohlenhydrate, davon Zucker","value":"1,4 g"},{"key":"Ballaststoffe","value":"4 g"},{"key":"Eiweiß","value":"6,2 g"},{"key":"Salz","value":"1,3 g"},{"key":"Broteinheiten","value":"0,6 BE"},{"key":"","value":"Unzubereitet"},{"key":" ","value":"100 g"},{"key":"Energie","value":"1359 kJ | 329 kcal"},{"key":"Fett","value":"30 g"},{"key":"Fett, davon gesättigte Fettsäuren","value":"3,5 g"},{"key":"Kohlenhydrate","value":"6,4 g"},{"key":"Kohlenhydrate, davon Zucker","value":"0,2 g"},{"key":"Ballaststoffe","value":"4,4 g"},{"key":"Eiweiß","value":"6,4 g"},{"key":"Salz","value":"0,8 g"},{"key":"Broteinheiten","value":"0,5 BE"},{"key":"","value":"Unzubereitet"},{"key":" ","value":"100 g"},{"key":"Energie","value":"1366 kJ | 331 kcal"},{"key":"Fett","value":"30 g"},{"key":"Fett, davon gesättigte Fettsäuren","value":"3,8 g"},{"key":"Kohlenhydrate","value":"6,1 g"},{"key":"Kohlenhydrate, davon Zucker","value":"0 g"},{"key":"Ballaststoffe","value":"4,1 g"},{"key":"Eiweiß","value":"6,4 g"},{"key":"Salz","value":"1,3 g"},{"key":"Broteinheiten","value":"0,5 BE"}],"tags":["Vegan"]},
    {"url":"https://www.interspar.at/shop/lebensmittel/p/4163183","data":[{"key":"price","value":"1,79 €"},{"key":"oldPrice","value":"\n\t\t\t\t\t\n\t\t\t\t\tstatt 2,29 €\n\t\t\t\t"},{"key":"pricePerUnit","value":"(3.58 €/kg)"},{"key":"productDetailsName","value":"Dr. Oetker - Kirsch Grütze - 500 G"},{"key":"detailsDescription","value":"500 G"},{"key":"articleNumber","value":"Artikelnummer: 4163183"},{"key":"Lagerhinweis:","value":["Bei max. +8°C lagern."]},{"key":"Zutaten:","value":["Zutaten: 50% Sauerkirschen, Wasser, Zucker, modifizierte Stärke, Stärke, Verdickungsmittel: Xanthan, Johannisbrotkernmehl."]},{"key":"Kontakt:","value":["Dr. Oetker GmbH","Ringmauergasse 9/1, 9500 Villach, Österreich"]}],"nutritions":[{"key":"","value":"Unzubereitet"},{"key":" ","value":"100 g"},{"key":"Energie","value":"440 kJ | 104 kcal"},{"key":"Fett","value":"0,2 g"},{"key":"Fett, davon gesättigte Fettsäuren","value":"0 g"},{"key":"Kohlenhydrate","value":"24 g"},{"key":"Kohlenhydrate, davon Zucker","value":"22 g"},{"key":"Eiweiß","value":"0,5 g"},{"key":"Salz","value":"0,01 g"}],"tags":["Glutenfrei","Lactosefrei"]},
    {"url":"https://www.interspar.at/shop/lebensmittel/p/4163190","data":[{"key":"price","value":"1,79 €"},{"key":"oldPrice","value":"\n\t\t\t\t\t\n\t\t\t\t\tstatt 2,29 €\n\t\t\t\t"},{"key":"pricePerUnit","value":"(3.58 €/kg)"},{"key":"productDetailsName","value":"Dr. Oetker - Rote Grütze - 500 G"},{"key":"detailsDescription","value":"500 G"},{"key":"articleNumber","value":"Artikelnummer: 4163190"},{"key":"Lagerhinweis:","value":["Bei +8°C lagern."]},{"key":"Zutaten:","value":["Zutaten: 50% Früchte (Sauerkirschen, Himbeeren, rote Johannisbeeren, schwarze Johannisbeeren), Wasser, Zucker, modifizierte Stärke, Stärke, Verdickungsmittel: Xanthan, Johannisbrotkernmehl."]},{"key":"Allergene:","value":["Kann Spuren enthalten von:Schalenfrüchte und daraus gewonnene Erzeugnisse"]},{"key":"Kontakt:","value":["Dr. Oetker GmbH","Ringmauergasse 9/1, 9500 Villach, Österreich"]}],"nutritions":[{"key":" ","value":"100 g"},{"key":"","value":"Unzubereitet"},{"key":"Energie","value":"407 kJ | 96 kcal"},{"key":"Fett","value":"0,2 g"},{"key":"Fett, davon gesättigte Fettsäuren","value":"0 g"},{"key":"Kohlenhydrate","value":"22 g"},{"key":"Kohlenhydrate, davon Zucker","value":"20 g"},{"key":"Eiweiß","value":"0,6 g"},{"key":"Salz","value":"0,01 g"},{"key":" ","value":"Portion (125 g)"}],"tags":["Lactosefrei"]},
    {"url":"https://www.interspar.at/shop/lebensmittel/p/4423904","data":[{"key":"price","value":"1,99 €"},{"key":"oldPrice","value":"\n\t\t\t\t\t\n\t\t\t\t\t \n\t\t\t\t"},{"key":"pricePerUnit","value":"(6.63 €/kg)"},{"key":"productDetailsName","value":"Zimmermann - Schwäbische Maultaschen 6 Stück - 300 G"},{"key":"detailsDescription","value":"300 G"},{"key":"articleNumber","value":"Artikelnummer: 4423904"},{"key":"Lagerhinweis:","value":["Bei unter +7°C haltbar bis siehe Verpackung."]},{"key":"Zutaten:","value":["Zutaten: Teig 33%: HARTWEIZENGRIESS, VOLLEI, Trinkwasser, Sonnenblumenöl.Füllung 67%: Schweinefleisch 34%, Spinat, Trinkwasser, WEIZENMEHL, Glucosesirup, Dextrose, Lauch, VOLLEI, HARTWEIZENGRIESS, Speisesalz, Kaliumjodat, SENFSAAT, Branntweinessig, Hefe, Gewürze, Kräuter, Gewürzextrakte, Antioxidationsmittel: Natriumascorbat, Konservierungsstoff: Natriumnitrit, Stabilisator: Diphosphate. In Großbuchstaben angegebene Zutaten enthalten allergene Inhaltsstoffe."]},{"key":"Allergene:","value":["Enthält:Eier und daraus gewonnene Erzeugnisse, Glutenhaltiges Getreide und daraus hergestellte Erzeugnisse, Senf und daraus gewonnene Erzeugnisse"]},{"key":"Zubereitung:","value":["Zubereitung in der MikrowelleBeutel mehrmals einstechen und ca. 3 Minuten bei 600 Watt erhitzen.","Sieden in kochender FlüssigkeitTeigwaren in kochendem, gesalzenem Wasser oder in einer Fleisch-/Gemüsebrühe für ca. 4 Minuten ziehen lassen."]},{"key":"Identitätskennzeichen:","value":["DE BY 77076 EG"]},{"key":"Zusatztext:","value":["Dazu schmeckt ein frischer Salat."]},{"key":"Kontakt:","value":["Fleischwerke E. Zimmermann GmbH & Co. KG","Edmund-Zimmermann-Straße 29, 86470 Thannhausen, Deutschland"]}],"nutritions":[],"tags":["Lactosefrei"]},
    {"url":"https://www.interspar.at/shop/lebensmittel/p/4424178","data":[{"key":"price","value":"2,49 €"},{"key":"oldPrice","value":"\n\t\t\t\t\t\n\t\t\t\t\t \n\t\t\t\t"},{"key":"pricePerUnit","value":"(9.96 €/kg)"},{"key":"productDetailsName","value":"Zimmermann - Bio-Gnocchi al pomodoro - 250 G"},{"key":"detailsDescription","value":"250 G"},{"key":"articleNumber","value":"Artikelnummer: 4424178"},{"key":"Lagerhinweis:","value":["Unter +7°C haltbar bis siehe Verpackung."]},{"key":"Zutaten:","value":["Zutaten: Teig (82%): Trinkwasser, Speisekartoffeln getrocknet*, HARTWEIZENGRIESS*, Stärke*, VOLLEI*, Meersalz. Füllung (18%): Schmelzkäse* 24% (EDAMER*, Wasser, BUTTER*, MOLKENPULVER*, Schmelzsalz: Trinatriumcitrat), Tomatenmark* 23%, Tomaten* 13%, PARMESAN* 11%, SAHNE*, Weißbrot (WEIZENMEHL*, Hefe*, Speisesalz), QUARK* (20% Fett i.Tr.) 5%, Rotwein*, Olivenöl*, Zwiebel*, Meersalz, Kräuter*, Gewürze*. *aus kontrolliert ökologischer Landwirtschaft. In Großbuchstaben angegebene Zutaten enthalten allergene Inhaltsstoffe."]},{"key":"Allergene:","value":["Enthält:Eier und daraus gewonnene Erzeugnisse, Glutenhaltiges Getreide und daraus hergestellte Erzeugnisse, Milch und daraus gewonnene Erzeugnisse (inkl. Laktose)"]},{"key":"Zubereitung:","value":["Zubereitung in der MikrowelleBeutel mehrmals einstechen und ca. 2 Minuten bei 600 Watt erhitzen.","Sieden in kochender FlüssigkeitTeigwaren in kochendem, gesalzenem Wasser für ca. 2 Minuten ziehen lassen bis sie aufsteigen."]},{"key":"Bio-Kontrollstelle:","value":["DE-ÖKO-006"]},{"key":"Ökoherkunft:","value":["EU-Landwirtschaft"]},{"key":"Identitätskennzeichen:","value":["DE BY 77076 EG"]},{"key":"Zusatztext:","value":["Dazu schmeckt ein frischer Salat!"]},{"key":"Kontakt:","value":["Fleischwerke E. Zimmermann GmbH & Co. KG","Edmund-Zimmermann-Straße 29, 86470 Thannhausen, Deutschland"]}],"nutritions":[{"key":"","value":"Unzubereitet"},{"key":" ","value":"100 g"},{"key":"Energie","value":"786 kJ | 186 kcal"},{"key":"Fett","value":"4 g"},{"key":"Fett, davon gesättigte Fettsäuren","value":"1,7 g"},{"key":"Kohlenhydrate","value":"26,5 g"},{"key":"Kohlenhydrate, davon Zucker","value":"1,5 g"},{"key":"Eiweiß","value":"11 g"},{"key":"Salz","value":"1 g"}],"tags":["Bio"]},
    {"url":"https://www.interspar.at/shop/lebensmittel/p/5077328","data":[{"key":"price","value":"2,19 €"},{"key":"oldPrice","value":"\n\t\t\t\t\t\n\t\t\t\t\t \n\t\t\t\t"},{"key":"pricePerUnit","value":"(8.11 €/kg)"},{"key":"productDetailsName","value":"SPAR Feine Küche - Chicken-Burger 2 Stück - 270 G"},{"key":"detailsDescription","value":"270 G"},{"key":"articleNumber","value":"Artikelnummer: 5077328"},{"key":"Lagerhinweis:","value":["Ungeöffnet gekühlt lagern bei +2°C bis +6°C. Nach dem Öffnen sofort zu verbrauchen."]},{"key":"Zutaten:","value":["Zutaten: Hühnerlaibchen 44% (Hühnerfilet faschiert 66%, Panade (Maisstärke, WEIZENMEHL, Maismehl, Zucker, Speisesalz unjodiert, Hefe, GERSTENMALZMEHL), Trinkwasser, WEIZENMEHL, Speisesalz jodiert (Speisesalz, Kaliumjodid), Gewürze, Zucker, Gewürzextrakte, Rapsöl), Sesamgebäck 43% (WEIZENMEHL, Wasser, Zucker, SESAM 3%, Hefe, Rapsöl, Speisesalz, Emulgatoren: Mono- und Diglyceride von Speisefettsäuren, Natriumstearoyl-2-lactylat), Mayonnaise 13% (Rapsöl, EIDOTTER, modifizierte Stärke, Zucker, Weingeistessig, Senf (Trinkwasser, SENFSAAT, Weingeistessig, Zucker, Speisesalz, Gewürze), Speisesalz, Zitronensaft aus Zitronensaftkonzentrat, Verdickungsmittel: Xanthan, Konservierungsstoff: Kaliumsorbat, Säuerungsmittel: Milchsäure, Farbstoff: Beta-Carotin) In Großbuchstaben angegebene Zutaten enthalten allergene Inhaltsstoffe."]},{"key":"Allergene:","value":["Enthält:Eier und daraus gewonnene Erzeugnisse, Glutenhaltiges Getreide und daraus hergestellte Erzeugnisse, Senf und daraus gewonnene Erzeugnisse, Sesamsamen und daraus gewonnene Erzeugnisse"]},{"key":"Zubereitung:","value":["BackenVor dem Genuss vollständig durcherhitzen! Backrohr auf 180°C vorheizen, dann die Laibchen ca. 6 Minuten backen, dann Brötchen hinzugeben und ca. 30 Sekunden aufbacken, servieren und genießen."]},{"key":"Ursprungsland/Herkunftsort:","value":["hergestellt in Österreich"]},{"key":"Kontakt:","value":["SPAR Österr. Warenhandels-AG","Europastraße 3, 5015 Salzburg, Österreich"]}],"nutritions":[{"key":"","value":"Unzubereitet"},{"key":" ","value":"100 g"},{"key":"Energie","value":"1092 kJ | 260 kcal"},{"key":"Fett","value":"11 g"},{"key":"Fett, davon gesättigte Fettsäuren","value":"1,5 g"},{"key":"Kohlenhydrate","value":"30 g"},{"key":"Kohlenhydrate, davon Zucker","value":"3,1 g"},{"key":"Ballaststoffe","value":"1,1 g"},{"key":"Eiweiß","value":"10 g"},{"key":"Salz","value":"1,3 g"},{"key":"Broteinheiten","value":"2,5 BE"}],"tags":[]},
    {"url":"https://www.interspar.at/shop/lebensmittel/p/5994090","data":[{"key":"price","value":"2,49 €"},{"key":"oldPrice","value":"\n\t\t\t\t\t\n\t\t\t\t\t \n\t\t\t\t"},{"key":"pricePerUnit","value":"(20.75 €/kg)"},{"key":"productDetailsName","value":"SPAR Veggie - Vegane Frankfurter - 120 G"},{"key":"detailsDescription","value":"120 G"},{"key":"articleNumber","value":"Artikelnummer: 5994090"},{"key":"Lagerhinweis:","value":["Vor und nach dem Öffnen gekühlt bei 2-6°C lagern und innerhalb von zwei Tagen genießen."]},{"key":"Zutaten:","value":["Zutaten: Trinkwasser, WEIZENGLUTEN 25%, Rapsöl, Gewürzzubereitung (Reismehl, Stabilisator: verarbeitete Euchema Algen, Natriumcitrate; Gewürze, Zucker, Säuerungsmittel: Citronensäure, Verdickungsmittel: Xanthan, Farbstoff: Eisenoxid, Gewürzextrakte), SOJAEIWEISS, Speisesalz. In Großbuchstaben angegebene Zutaten enthalten allergene Inhaltsstoffe."]},{"key":"Allergene:","value":["Enthält:Glutenhaltiges Getreide und daraus hergestellte Erzeugnisse, Sojabohnen und daraus gewonnene Erzeugnisse"]},{"key":"Zubereitung:","value":["Braten mit wenig FettDie Haut der SPAR Veggie veganen Frankfurter vor dem Braten entfernen. Etwas Öl in die Pfanne geben und erhitzen. Frankfurter bei mittlerer Hitze unter mehrmaligem Wenden ca. 5-7 Minuten braten.","Simmern/KöchelnDie Haut der SPAR Veggie veganen Frankfurter vor dem Kochen entfernen. Wasser zum Wallen bringen und Herd abschalten. 10 Minuten zugedeckt ziehen lassen."]},{"key":"Ursprungsland/Herkunftsort:","value":["Hergestellt in Österreich"]},{"key":"Verbrauchen nach dem Öffnen:","value":["2 Tage"]},{"key":"Kontakt:","value":["SPAR Österr. Warenhandels-AG","Europastraße 3, 5015 Salzburg, Österreich"]}],"nutritions":[{"key":"","value":"Unzubereitet"},{"key":" ","value":"100 g"},{"key":"Energie","value":"1066 kJ | 256 kcal"},{"key":"Fett","value":"16 g"},{"key":"Fett, davon gesättigte Fettsäuren","value":"1,4 g"},{"key":"Kohlenhydrate","value":"6,1 g"},{"key":"Kohlenhydrate, davon Zucker","value":"0,9 g"},{"key":"Ballaststoffe","value":"1,6 g"},{"key":"Eiweiß","value":"21 g"},{"key":"Salz","value":"1,9 g"},{"key":"Broteinheiten","value":"0,5 BE"}],"tags":["Vegan","Lactosefrei"]},
    {"url":"https://www.interspar.at/shop/lebensmittel/p/5994809","data":[{"key":"price","value":"2,99 €"},{"key":"oldPrice","value":"\n\t\t\t\t\t\n\t\t\t\t\t \n\t\t\t\t"},{"key":"pricePerUnit","value":"(18.69 €/kg)"},{"key":"productDetailsName","value":"SPAR Veggie - Vegetarische Weisswürste - 160 G"},{"key":"detailsDescription","value":"160 G"},{"key":"articleNumber","value":"Artikelnummer: 5994809"},{"key":"Lagerhinweis:","value":["Vor und nach dem Öffnen gekühlt bei 2-6°C lagern und innerhalb von zwei Tagen genießen."]},{"key":"Zutaten:","value":["Zutaten: Trinkwasser, WEIZENGLUTEN 23%, Rapsöl, Gewürzzubereitung (Gewürze, Reismehl, Stabilisator: verarbeitete Euchema Algen, Natriumcitrate, HÜHNEREI-EIWEISSPULVER, Zucker, Verdickungsmittel: Xanthan, Säuerungsmittel: Citronensäure, Gewürzextrakte), Zwiebel, SOJAEIWEISS, Speisesalz, Petersilie. In Großbuchstaben angegebene Zutaten enthalten allergene Inhaltsstoffe."]},{"key":"Allergene:","value":["Enthält:Eier und daraus gewonnene Erzeugnisse, Glutenhaltiges Getreide und daraus hergestellte Erzeugnisse, Sojabohnen und daraus gewonnene Erzeugnisse"]},{"key":"Zubereitung:","value":["Simmern/KöchelnDie Haut der SPAR Veggie vegetarischen Weisswürste vor dem Kochen entfernen. Wasser zum Wallen bringen und Herd abschalten. 10 Minuten zugedeckt ziehen lassen."]},{"key":"Zusatztext:","value":["ovo-vegetarisch"]},{"key":"Ursprungsland/Herkunftsort:","value":["Hergestellt in Österreich"]},{"key":"Verbrauchen nach dem Öffnen:","value":["2 Tage"]},{"key":"Kontakt:","value":["SPAR Österr. Warenhandels-AG","Europastraße 3, 5015 Salzburg, Österreich"]}],"nutritions":[{"key":" ","value":"100 g"},{"key":"","value":"Unzubereitet"},{"key":"Energie","value":"1072 kJ | 258 kcal"},{"key":"Fett","value":"18 g"},{"key":"Fett, davon gesättigte Fettsäuren","value":"1,5 g"},{"key":"Kohlenhydrate","value":"6 g"},{"key":"Kohlenhydrate, davon Zucker","value":"1,2 g"},{"key":"Ballaststoffe","value":"1,9 g"},{"key":"Eiweiß","value":"17 g"},{"key":"Salz","value":"1,9 g"},{"key":"Broteinheiten","value":"0,5 BE"}],"tags":["Vegetarisch","Lactosefrei"]},
    {"url":"https://www.interspar.at/shop/lebensmittel/p/5996469","data":[{"key":"price","value":"2,49 €"},{"key":"oldPrice","value":"\n\t\t\t\t\t\n\t\t\t\t\t \n\t\t\t\t"},{"key":"pricePerUnit","value":"(20.75 €/kg)"},{"key":"productDetailsName","value":"SPAR Veggie - Vegane Debreziner - 120 G"},{"key":"detailsDescription","value":"120 G"},{"key":"articleNumber","value":"Artikelnummer: 5996469"},{"key":"Lagerhinweis:","value":["Vor und nach dem Öffnen gekühlt bei 2-6°C lagern und innerhalb von zwei Tagen genießen."]},{"key":"Zutaten:","value":["Zutaten: Trinkwasser, WEIZENGLUTEN 24%, Rapsöl, Reis, Gewürzzubereitung (Gewürze, Reismehl, Stabilisator: verarbeitete Euchema Algen, Natriumcitrate; Zucker, Säuerungsmittel: Citronensäure, Verdickungsmittel: Xanthan, Gewürzextrakte), SOJAEIWEISS, Speisesalz, Paprikaextrakt. In Großbuchstaben angegebene Zutaten enthalten allergene Inhaltsstoffe."]},{"key":"Allergene:","value":["Enthält:Glutenhaltiges Getreide und daraus hergestellte Erzeugnisse, Sojabohnen und daraus gewonnene Erzeugnisse"]},{"key":"Zubereitung:","value":["Simmern/KöchelnDie Haut der SPAR Veggie veganen Debreziner vor dem Kochen entfernen. Wasser zum Wallen bringen und Herd abschalten. 10 Minuten zugedeckt ziehen lassen.","Braten mit wenig FettDie Haut der SPAR Veggie veganen Debreziner vor dem Braten entfernen. Etwas Öl in die Pfanne geben und erhitzen. Debreziner bei mittlerer Hitze unter mehrmaligem Wenden ca. 5-7 Minuten braten."]},{"key":"Ursprungsland/Herkunftsort:","value":["Hergestellt in Österreich"]},{"key":"Verbrauchen nach dem Öffnen:","value":["2 Tage"]},{"key":"Kontakt:","value":["SPAR Österr. Warenhandels-AG","Europastraße 3, 5015 Salzburg, Österreich"]}],"nutritions":[{"key":" ","value":"100 g"},{"key":"","value":"Unzubereitet"},{"key":"Energie","value":"1075 kJ | 257 kcal"},{"key":"Fett","value":"13 g"},{"key":"Fett, davon gesättigte Fettsäuren","value":"1,1 g"},{"key":"Kohlenhydrate","value":"13 g"},{"key":"Kohlenhydrate, davon Zucker","value":"1,8 g"},{"key":"Ballaststoffe","value":"2 g"},{"key":"Eiweiß","value":"21 g"},{"key":"Salz","value":"1,9 g"},{"key":"Broteinheiten","value":"1,1 BE"}],"tags":["Vegan","Lactosefrei"]},
    {"url":"https://www.interspar.at/shop/lebensmittel/p/7407840","data":[{"key":"price","value":"3,79 €"},{"key":"oldPrice","value":"\n\t\t\t\t\t\n\t\t\t\t\t \n\t\t\t\t"},{"key":"pricePerUnit","value":"(15.16 €/kg)"},{"key":"productDetailsName","value":"SPAR Feine Küche - Hühnerfilets gebacken 2 Stück - 250 G"},{"key":"detailsDescription","value":"250 G"},{"key":"articleNumber","value":"Artikelnummer: 7407840"},{"key":"Lagerhinweis:","value":["Vor und nach dem Öffnen gekühlt bei +2 °C bis +6 °C lagern und nach dem Öffnen alsbald verbrauchen."]},{"key":"Zutaten:","value":["Zutaten: Hühnerfilets 60%*, Panade (WEIZENMEHL, VOLLEI, Speisesalz, Hefe, Emulgator: Lecithine), Trinkwasser, Speisesalz jodiert (Speisesalz, Kaliumjodid), Rapsöl. *%-Angaben beziehen sich auf die Gesamteinwaage. In Großbuchstaben angegebene Zutaten enthalten allergene Inhaltsstoffe."]},{"key":"Allergene:","value":["Kann Spuren enthalten von:Lupinen und daraus gewonnene Erzeugnisse, Milch und daraus gewonnene Erzeugnisse (inkl. Laktose), Schalenfrüchte und daraus gewonnene Erzeugnisse, Sellerie und daraus gewonnene Erzeugnisse, Senf und daraus gewonnene Erzeugnisse, Sesamsamen und daraus gewonnene Erzeugnisse, Sojabohnen und daraus gewonnene Erzeugnisse","Enthält:Eier und daraus gewonnene Erzeugnisse, Glutenhaltiges Getreide und daraus hergestellte Erzeugnisse"]},{"key":"","value":["ohne Geschmacksverstärker"]},{"key":"","value":["Ohne Konservierungsstoffe"]},{"key":"Zubereitung:","value":["Braten mit wenig FettIn etwas Öl oder Butter bei mittlerer Hitze in der Pfanne unter mehrmaligem Wenden ca. 4 Minuten backen.","BackenIm vorgeheizten Backrohr bei 180°C in ca. 8 Minuten fertig backen. Vor dem Verzehr vollständig durcherhitzen!"]},{"key":"Identitätskennzeichen:","value":["AT 61904 EG"]},{"key":"Ursprungsland/Herkunftsort:","value":["hergestellt in Österreich"]},{"key":"Verwendungshinweis:","value":["Vor dem Verzehr vollständig durcherhitzen!"]},{"key":"Kontakt:","value":["SPAR Österr. Warenhandels-AG","Europastraße 3, 5015 Salzburg, Österreich"]}],"nutritions":[{"key":" ","value":"100 g"},{"key":"","value":"Unzubereitet"},{"key":"Energie","value":"808 kJ | 193 kcal"},{"key":"Fett","value":"9,2 g"},{"key":"Fett, davon gesättigte Fettsäuren","value":"1,9 g"},{"key":"Kohlenhydrate","value":"9,2 g"},{"key":"Kohlenhydrate, davon Zucker","value":"0 g"},{"key":"Ballaststoffe","value":"0,6 g"},{"key":"Eiweiß","value":"18 g"},{"key":"Salz","value":"2 g"},{"key":"Broteinheiten","value":"0,8 BE"},{"key":" ","value":"Portion (125 g)"},{"key":"","value":"Unzubereitet"},{"key":"Energie","value":"1010 kJ | 241 kcal | 12 %"},{"key":"Fett","value":"12 g | 17 %"},{"key":"Fett, davon gesättigte Fettsäuren","value":"2,4 g | 12 %"},{"key":"Kohlenhydrate","value":"12 g"},{"key":"Kohlenhydrate, davon Zucker","value":"0 g | 0 %"},{"key":"Ballaststoffe","value":"0,8 g"},{"key":"Eiweiß","value":"23 g"},{"key":"Salz","value":"2,5 g | 42 %"},{"key":"Broteinheiten","value":"1 BE"}],"tags":[]},
    {"url":"https://www.interspar.at/shop/lebensmittel/p/7407932","data":[{"key":"price","value":"3,49 €"},{"key":"oldPrice","value":"\n\t\t\t\t\t\n\t\t\t\t\t \n\t\t\t\t"},{"key":"pricePerUnit","value":"(13.96 €/kg)"},{"key":"productDetailsName","value":"SPAR Feine Küche - Wiener Schnitzel vom Schwein gebacken 2 Stück - 250 G"},{"key":"detailsDescription","value":"250 G"},{"key":"articleNumber","value":"Artikelnummer: 7407932"},{"key":"Lagerhinweis:","value":["Vor und nach dem Öffnen gekühlt bei +2°C bis +6°C lagern und nach dem Öffnen alsbald verbrauchen."]},{"key":"Zutaten:","value":["Zutaten: Schweinefleisch 60%*, Panade (WEIZENMEHL, VOLLEI, Speisesalz, Hefe, Emulgator: Lecithine), Trinkwasser, Speisesalz jodiert (Speisesalz, Kaliumjodid), Rapsöl. * %-Angaben beziehen sich auf die Gesamteinwaage. In Großbuchstaben angegebene Zutaten enthalten allergene Inhaltsstoffe."]},{"key":"Allergene:","value":["Kann Spuren enthalten von:Lupinen und daraus gewonnene Erzeugnisse, Milch und daraus gewonnene Erzeugnisse (inkl. Laktose), Schalenfrüchte und daraus gewonnene Erzeugnisse, Sellerie und daraus gewonnene Erzeugnisse, Senf und daraus gewonnene Erzeugnisse, Sesamsamen und daraus gewonnene Erzeugnisse, Sojabohnen und daraus gewonnene Erzeugnisse","Enthält:Eier und daraus gewonnene Erzeugnisse, Glutenhaltiges Getreide und daraus hergestellte Erzeugnisse"]},{"key":"","value":["ohne Geschmacksverstärker"]},{"key":"","value":["Ohne Konservierungsstoffe"]},{"key":"Zubereitung:","value":["BackenDas Schnitzel im vorgeheizten Backrohr (Ober- und Unterhitze) bei 180°C in ca. 8 Minuten fertig backen.","Braten in FettDas Schnitzel in etwas Öl oder Butter bei mittlerer Hitze unter mehrmaligem Wenden ca. 4 Minuten backen."]},{"key":"Identitätskennzeichen:","value":["AT 61904 EG"]},{"key":"Ursprungsland/Herkunftsort:","value":["Hergestellt in Österreich"]},{"key":"Verwendungshinweis:","value":["Vor dem Verzehr vollständig durcherhitzen!"]},{"key":"Kontakt:","value":["SPAR Österr. Warenhandels-AG","Europastraße 3, 5015 Salzburg, Österreich"]}],"nutritions":[{"key":" ","value":"100 g"},{"key":"","value":"Unzubereitet"},{"key":"Energie","value":"988 kJ | 237 kcal"},{"key":"Fett","value":"13 g"},{"key":"Fett, davon gesättigte Fettsäuren","value":"3,2 g"},{"key":"Kohlenhydrate","value":"14 g"},{"key":"Kohlenhydrate, davon Zucker","value":"0 g"},{"key":"Ballaststoffe","value":"1,8 g"},{"key":"Eiweiß","value":"15 g"},{"key":"Salz","value":"1 g"},{"key":"Broteinheiten","value":"1,2 BE"},{"key":" ","value":"Portion (125 g)"},{"key":"","value":"Unzubereitet"},{"key":"Energie","value":"1236 kJ | 296 kcal"},{"key":"Fett","value":"16 g"},{"key":"Fett, davon gesättigte Fettsäuren","value":"4 g"},{"key":"Kohlenhydrate","value":"18 g"},{"key":"Kohlenhydrate, davon Zucker","value":"0 g"},{"key":"Ballaststoffe","value":"2,3 g"},{"key":"Eiweiß","value":"19 g"},{"key":"Salz","value":"1,3 g"},{"key":"Broteinheiten","value":"1,5 BE"}],"tags":[]},
    {"url":"https://www.interspar.at/shop/lebensmittel/p/7462849","data":[{"key":"price","value":"1,99 €"},{"key":"oldPrice","value":"\n\t\t\t\t\t\n\t\t\t\t\t \n\t\t\t\t"},{"key":"pricePerUnit","value":"(7.96 €/kg)"},{"key":"productDetailsName","value":"SPAR Feine Küche - 2 Cheeseburger - 250 G"},{"key":"detailsDescription","value":"250 G"},{"key":"articleNumber","value":"Artikelnummer: 7462849"},{"key":"Lagerhinweis:","value":["Vor und nach dem Öffnen gekühlt bei +2°C bis +6°C lagern und nach dem Öffnen alsbald verbrauchen."]},{"key":"Zutaten:","value":["Zutaten: Faschiertes Laibchen 48%*: Schweinefleisch 68%, Rindfleisch 15%, Zwiebel, Knödelbrot (WEIZENMEHL, Trinkwasser, Speisesalz, Hefe), Trinkwasser, VOLLEI, Speisesalz, Gewürze, Maltodextrin, Zucker, Kräuter, Gewürzextrakte, Petersilie, Rapsöl. Sesamgebäck 44%*: WEIZENMEHL, Trinkwasser, Zucker, SESAM, Hefekulturen, Rapsöl, Speisesalz, Emulgatoren: Mono-und Diglyceride von Spesefettsäuren, Natriumstearoyl-2-lactylat. Schmelzkäsezubereitung 8%* 45% F.i.T.: KÄSE 61%, Trinkwasser, BUTTER, MILCHEIWEISS, Schmelzsalze: Trinatriumcitrat, Trinatriumphosphat, MAGERMILCHPULVER, natürliches KÄSEAROMA, Speisesalz, Trennungsmittel: Lecithine. *% Angaben beziehen sich auf die Gesamteinwaage. In Großbuchstaben angegebene Zutaten enthalten allergene Inhaltsstoffe."]},{"key":"Allergene:","value":["Kann Spuren enthalten von:Lupinen und daraus gewonnene Erzeugnisse, Schalenfrüchte und daraus gewonnene Erzeugnisse, Sellerie und daraus gewonnene Erzeugnisse","Enthält:Eier und daraus gewonnene Erzeugnisse, Glutenhaltiges Getreide und daraus hergestellte Erzeugnisse, Milch und daraus gewonnene Erzeugnisse (inkl. Laktose), Sesamsamen und daraus gewonnene Erzeugnisse"]},{"key":"Zubereitung:","value":["BackenLaibchen mit Käse 5 Minuten bei 170 °C erhitzen. Brötchen ca. 30 Sekunden mit aufbacken."]},{"key":"Identitätskennzeichen:","value":["AT 61904 EG"]},{"key":"Ursprungsland/Herkunftsort:","value":["Hergestellt in Österreich"]},{"key":"Verwendungshinweis:","value":["Vor dem Verzehr vollständig durcherhitzen."]},{"key":"Kontakt:","value":["SPAR Österr. Warenhandels-AG","Europastraße 3, 5015 Salzburg, Österreich"]}],"nutritions":[{"key":" ","value":"100 g"},{"key":"","value":"Unzubereitet"},{"key":"Energie","value":"1512 kJ | 363 kcal"},{"key":"Fett","value":"25 g"},{"key":"Fett, davon gesättigte Fettsäuren","value":"11 g"},{"key":"Kohlenhydrate","value":"22 g"},{"key":"Kohlenhydrate, davon Zucker","value":"3,3 g"},{"key":"Ballaststoffe","value":"1,1 g"},{"key":"Eiweiß","value":"12 g"},{"key":"Salz","value":"1,3 g"},{"key":"Broteinheiten","value":"1,8 BE"},{"key":" ","value":"Portion (125 g)"},{"key":"","value":"Unzubereitet"},{"key":"Energie","value":"1890 kJ | 454 kcal"},{"key":"Fett","value":"31 g"},{"key":"Fett, davon gesättigte Fettsäuren","value":"14 g"},{"key":"Kohlenhydrate","value":"28 g"},{"key":"Kohlenhydrate, davon Zucker","value":"4,1 g"},{"key":"Ballaststoffe","value":"1,4 g"},{"key":"Eiweiß","value":"15 g"},{"key":"Salz","value":"1,6 g"},{"key":"Broteinheiten","value":"2,3 BE"}],"tags":[]},
    {"url":"https://www.interspar.at/shop/lebensmittel/p/7522017","data":[{"key":"price","value":"2,19 €"},{"key":"oldPrice","value":"\n\t\t\t\t\t\n\t\t\t\t\t \n\t\t\t\t"},{"key":"pricePerUnit","value":"(8.11 €/kg)"},{"key":"productDetailsName","value":"SPAR Feine Küche - Putenburger 2 Stück - 270 G"},{"key":"detailsDescription","value":"270 G"},{"key":"articleNumber","value":"Artikelnummer: 7522017"},{"key":"Lagerhinweis:","value":["Vor und nach dem Öffnen gekühlt bei +2°C bis +6°C lagern und nach dem Öffnen alsbald verbrauchen."]},{"key":"Zutaten:","value":["Zutaten: Putenlaibchen 44%* (Putenfleisch 82%, Zwiebel, Knödelbrot (WEIZENMEHL, Trinkwasser, Speisesalz, Hefe), VOLLMILCH, SCHLAGOBERS, VOLLEI, Speisesalz, Ketchup (Tomatenmark, Trinkwasser, Zucker, modifizierte Stärke, Speisesalz, Säureessig, Gewürze, Gewürzextrakte, Säuerungsmittel: Citronensäure), Senf (Trinkwasser, SENFSAAT, Weingeistessig, Zucker, Speisesalz, Gewürze), Gewürze, Gewürzextrakte, Petersilie, Rapsöl), Sesamgebäck 43%* (WEIZENMEHL, Trinkwasser, Zucker, SESAM, Hefekulturen, Rapsöl, Speisesalz, Emulgatoren: Mono- und Diglyceride von Speisefettsäuren, Natriumstearoyl-2-lactylat), Mayonnaise 13%* (Rapsöl, Trinkwasser, EIDOTTER, modifizierte Stärke, Zucker, Weingeistessig, Senf (Trinkwasser, SENFSAAT, Weingeistessig, Zucker, Speisesalz, Gewürze), Speisesalz,Zitronensaft aus Zitronensaftkonzentrat, Verdickungsmittel: Xanthan, Konservierungsstoff: Kaliumsorbat, Säuerungsmittel: Milchsäure, Farbstoff: Beta-Carotin). *) %-Angaben beziehen sich auf die Gesamteinwaage. In Großbuchstaben angegebene Zutaten enthalten allergene Inhaltsstoffe."]},{"key":"Allergene:","value":["Kann Spuren von Soja, Schalenfrüchten, Lupinen und Sellerie enthalten.","Kann Spuren enthalten von:Lupinen und daraus gewonnene Erzeugnisse, Schalenfrüchte und daraus gewonnene Erzeugnisse, Sellerie und daraus gewonnene Erzeugnisse, Sojabohnen und daraus gewonnene Erzeugnisse","Enthält:Eier und daraus gewonnene Erzeugnisse, Glutenhaltiges Getreide und daraus hergestellte Erzeugnisse, Milch und daraus gewonnene Erzeugnisse (inkl. Laktose), Senf und daraus gewonnene Erzeugnisse, Sesamsamen und daraus gewonnene Erzeugnisse"]},{"key":"Zubereitung:","value":["BackenBurger bei 180°C 6 Minuten braten, Brötchen hinzugeben und ca. 30 Sekunden aufbacken, garnieren und genießen."]},{"key":"Identitätskennzeichen:","value":["AT 61904 EG"]},{"key":"Ursprungsland/Herkunftsort:","value":["hergestellt in Österreich"]},{"key":"Verwendungshinweis:","value":["Vor dem Verzehr vollständig durcherhitzen!"]},{"key":"Kontakt:","value":["SPAR Österr. Warenhandels-AG","Europastraße 3, 5015 Salzburg, Österreich"]}],"nutritions":[{"key":"","value":"Unzubereitet"},{"key":" ","value":"100 g"},{"key":"Energie","value":"1232 kJ | 295 kcal"},{"key":"Fett","value":"16 g"},{"key":"Fett, davon gesättigte Fettsäuren","value":"4,3 g"},{"key":"Kohlenhydrate","value":"27 g"},{"key":"Kohlenhydrate, davon Zucker","value":"3,5 g"},{"key":"Ballaststoffe","value":"1,4 g"},{"key":"Eiweiß","value":"10 g"},{"key":"Salz","value":"1,3 g"},{"key":"Broteinheiten","value":"2,3 BE"},{"key":"","value":"Unzubereitet"},{"key":" ","value":"Portion (135 g)"},{"key":"Energie","value":"1664 kJ | 398 kcal"},{"key":"Fett","value":"22 g"},{"key":"Fett, davon gesättigte Fettsäuren","value":"5,8 g"},{"key":"Kohlenhydrate","value":"37 g"},{"key":"Kohlenhydrate, davon Zucker","value":"4,7 g"},{"key":"Ballaststoffe","value":"1,9 g"},{"key":"Eiweiß","value":"14 g"},{"key":"Salz","value":"1,7 g"},{"key":"Broteinheiten","value":"3 BE"}],"tags":[]},
    {"url":"https://www.interspar.at/shop/lebensmittel/p/8077691","data":[{"key":"price","value":"1,79 €"},{"key":"oldPrice","value":"\n\t\t\t\t\t\n\t\t\t\t\t \n\t\t\t\t"},{"key":"pricePerUnit","value":"(5.42 €/kg)"},{"key":"productDetailsName","value":"Knack&Back - Sonntags-Brötchen 6 Stück - 330 G"},{"key":"detailsDescription","value":"330 G"},{"key":"articleNumber","value":"Artikelnummer: 8077691"},{"key":"Lagerhinweis:","value":["Bei +2°C bis +7°C. Immer im Kühlschrank lagern. Nicht einfrieren. Frischteig auf einmal verbrauchen."]},{"key":"Zutaten:","value":["Zutaten: WEIZENMEHL, Wasser, WEIZENGLUTEN, Backtriebmittel: Glucono-delta-lacton, Natriumhydrogencarbonat; Zucker, Alkohol, Speisesalz, Palmfett, Stabilisator: Xanthan, Mehlbehandlungsmittel: Ascorbinsäure, Sonnenblumenöl. In Großbuchstaben angegebene Zutaten enthalten allergene Inhaltsstoffe."]},{"key":"Allergene:","value":["Kann Ei, Milch und Soja enthalten.","Kann Spuren enthalten von:Eier und daraus gewonnene Erzeugnisse, Milch und daraus gewonnene Erzeugnisse (inkl. Laktose), Sojabohnen und daraus gewonnene Erzeugnisse","Enthält:Glutenhaltiges Getreide und daraus hergestellte Erzeugnisse"]},{"key":"Zubereitung:","value":["Backen1. Dose öffnen & drehen. 2. Teigstücke trennen & einschneiden. 3. Im vorgeheizten Ofen bei 200°C (Umluft 180°C) 10-15 Min. auf Backpapier backen."]},{"key":"Kontakt:","value":["General Mills GmbH","Osterbekstr. 90c, D-22083 Hamburg"]}],"nutritions":[{"key":" ","value":"100 g"},{"key":"","value":"Unzubereitet"},{"key":"Energie","value":"1031 kJ | 244 kcal"},{"key":"Fett","value":"2,7 g"},{"key":"Fett, davon gesättigte Fettsäuren","value":"1,4 g"},{"key":"Kohlenhydrate","value":"44,4 g"},{"key":"Kohlenhydrate, davon Zucker","value":"2,9 g"},{"key":"Ballaststoffe","value":"1,9 g"},{"key":"Eiweiß","value":"9,5 g"},{"key":"Salz","value":"2 g"},{"key":" ","value":"Portion (55 g)"},{"key":"","value":"Zubereitet"},{"key":"Energie","value":"567 kJ | 134 kcal | 7 %"},{"key":"Fett","value":"1,5 g | 2 %"},{"key":"Fett, davon gesättigte Fettsäuren","value":"0,8 g | 4 %"},{"key":"Kohlenhydrate","value":"24,4 g | 9 %"},{"key":"Kohlenhydrate, davon Zucker","value":"1,6 g | 2 %"},{"key":"Ballaststoffe","value":"1 g"},{"key":"Eiweiß","value":"5,2 g | 10 %"},{"key":"Salz","value":"1,1 g | 18 %"}],"tags":[]},
    {"url":"https://www.interspar.at/shop/lebensmittel/p/2020001631216","data":[{"key":"price","value":"1,79 €"},{"key":"oldPrice","value":"\n\t\t\t\t\t\n\t\t\t\t\tstatt 2,29 €\n\t\t\t\t"},{"key":"pricePerUnit","value":"(3.58 €/kg)"},{"key":"productDetailsName","value":"Dr. Oetker - Gelbe Grütze - 500 G"},{"key":"detailsDescription","value":"500 G"},{"key":"articleNumber","value":"Artikelnummer: 2020001631216"},{"key":"Lagerhinweis:","value":["Bei max. +8°C lagern."]},{"key":"Zutaten:","value":["Zutaten: Wasser, 19% Pfirsiche, 16% Orangenstücke, 15% Apfelstücke, Zucker, 10% Orangensaft, 2,0% Calamansipüree, modifizierte Stärke, Säuerungsmittel: Citronensäure, Stärke, Verdickungsmittel: Xanthan, Johannisbrotkernmehl; Stabilisator: Ascorbinsäure, färbende Lebensmittel (Saflorkonzentrat, Karottenkonzentrat)."]},{"key":"Kontakt:","value":["Dr. Oetker GmbH","Ringmauergasse 9/1, 9500 Villach, Österreich"]}],"nutritions":[{"key":"","value":"Unzubereitet"},{"key":" ","value":"100 g"},{"key":"Energie","value":"384 kJ | 90 kcal"},{"key":"Fett","value":"0,1 g"},{"key":"Fett, davon gesättigte Fettsäuren","value":"0 g"},{"key":"Kohlenhydrate","value":"21 g"},{"key":"Kohlenhydrate, davon Zucker","value":"19 g"},{"key":"Eiweiß","value":"0,4 g"},{"key":"Salz","value":"0,03 g"}],"tags":["Glutenfrei","Lactosefrei"]},
    {"url":"https://www.interspar.at/shop/lebensmittel/p/7022944","data":[{"key":"price","value":"2,99 €"},{"key":"oldPrice","value":"\n\t\t\t\t\t\n\t\t\t\t\t \n\t\t\t\t"},{"key":"pricePerUnit","value":"(9.06 €/kg)"},{"key":"productDetailsName","value":"SPAR Vital - Lachs Spaghettini - 330 G"},{"key":"detailsDescription","value":"330 G"},{"key":"articleNumber","value":"Artikelnummer: 7022944"},{"key":"Lagerhinweis:","value":["Gekühlt lagern bei +2°C bis +5°C. Nach dem Öffnen sofort verzehren."]},{"key":"Zutaten:","value":["Zutaten: Spaghettinizubereitung 52% (Wasser, Teigware [HARTWEIZENGRIESS, EI], Gewürzextrakte, Rapsöl, Salz jodiert [Salz, Kaliumjodid]), Räucherlachssauce 48% (Wasser, Räucherlachs 9%[LACHSFILET 95%*, Salz unjodiert, Rauch], Zwiebeln, SCHLAGOBERS, Lauch, pflanzliche Öle [Palm, Raps, Sonnenblume], Glukosesirup, natürliche Aromen, Gewürzextrakte, WEIZENMEHL, modifizierte Stärke, MILCHEIWEISS, Salz jodiert [Salz, Kaliumjodid], Zitronensaftkonzentrat, Gewürze, Karamellzuckersirup). *bezogen auf den Räucherlachs. In Großbuchstaben angegebene Zutaten enthalten allergene Inhaltsstoffe."]},{"key":"Allergene:","value":["Enthält:Eier und daraus gewonnene Erzeugnisse, Fische und daraus gewonnene Erzeugnisse, Glutenhaltiges Getreide und daraus hergestellte Erzeugnisse, Milch und daraus gewonnene Erzeugnisse (inkl. Laktose)"]},{"key":"","value":["zuckerarmeinfach OHNE: ohne Konservierungsstoffeohne Farbstoffzusatzohne Geschmacksverstärker"]},{"key":"","value":["Enthält Omega-3 Fettsäuren","Proteinquelle"]},{"key":"Zubereitung:","value":["Zubereitung in der MikrowellePackungsfolie mit einer Gabel mehrfach einstechen. Die geschlossene Schale ca. 2 bis 3 Minuten bei 600 Watt erhitzen. Kurz ruhen lassen, die Folie abziehen, anrichten und genießen.","Unter Rühren kurz anbratenLachs Spaghettini in eine heiße Pfanne geben und bei mittlerer Hitze unter häufigem Umrühren ca. 2 bis 3 Minuten erhitzen."]},{"key":"Identitätskennzeichen:","value":["AT 30733 EG"]},{"key":"Zusatztext:","value":["Schonende Zubereitung in der Mikrowelle.Eine abwechslungsreiche, ausgewogene Ernährung, Bewegung und ein gesunder Lebensstil sind wichtig für die Gesundheit."]},{"key":"Ursprungsland/Herkunftsort:","value":["hergestellt in Österreich"]},{"key":"Kontakt:","value":["SPAR Österr. Warenhandels-AG","Europastraße 3, 5015 Salzburg, Österreich","office@spar.at"]}],"nutritions":[{"key":"","value":"Unzubereitet"},{"key":" ","value":"100 g"},{"key":"Energie","value":"620 kJ | 147 kcal"},{"key":"Fett","value":"6,5 g"},{"key":"Fett, davon gesättigte Fettsäuren","value":"2,1 g"},{"key":"Kohlenhydrate","value":"15 g"},{"key":"Kohlenhydrate, davon Zucker","value":"0,6 g"},{"key":"Ballaststoffe","value":"1 g"},{"key":"Eiweiß","value":"5,3 g"},{"key":"Salz","value":"1 g"},{"key":"Broteinheiten","value":"1,3 BE"},{"key":"Omega-3-Fettsäuren","value":"0,6 g"},{"key":"","value":"Unzubereitet"},{"key":" ","value":"Portion (330 g)"},{"key":"Energie","value":"2046 kJ | 485 kcal | 24 %"},{"key":"Fett","value":"21 g | 30 %"},{"key":"Fett, davon gesättigte Fettsäuren","value":"6,9 g | 35 %"},{"key":"Kohlenhydrate","value":"50 g | 19 %"},{"key":"Kohlenhydrate, davon Zucker","value":"2 g | 2 %"},{"key":"Ballaststoffe","value":"3,3 g"},{"key":"Eiweiß","value":"17 g | 34 %"},{"key":"Salz","value":"3,3 g | 55 %"},{"key":"Broteinheiten","value":"4,1 BE"},{"key":"Omega-3-Fettsäuren","value":"1,9 g"}],"tags":[]},
    {"url":"https://www.interspar.at/shop/lebensmittel/p/7022968","data":[{"key":"price","value":"3,49 €"},{"key":"oldPrice","value":"\n\t\t\t\t\t\n\t\t\t\t\t \n\t\t\t\t"},{"key":"pricePerUnit","value":"(10.58 €/kg)"},{"key":"productDetailsName","value":"SPAR Vital - Huhn mit Gemüse & Reis - 330 G"},{"key":"detailsDescription","value":"330 G"},{"key":"articleNumber","value":"Artikelnummer: 7022968"},{"key":"Lagerhinweis:","value":["Gekühlt lagern bei +2°C bis +5°C. Nach dem Öffnen sofort verzehren."]},{"key":"Zutaten:","value":["Zutaten: Gegarter Reis 33% (Wasser, Reis, Gewürzextrakte), gewürztes Hühnerbrustfilet 27% (Hühnerbrustfilet, Speisesalz jodiert [Speisesalz, Kaliumjodid], Pfeffer), Sauce 28% (Wasser, Zwiebeln, SCHLAGOBERS, pflanzliche Öle (Palm, Raps), Glukosesirup, Speisesalz jodiert [Speisesalz, Kaliumjodid], modifizierte Stärke, MILCHEIWEISS, Gewürzextrakte (enthält SELLERIE), Kräuter, Gewürze, Zucker, natürliches Aroma, Emulgator: Mono- und Diglyceride von Speisefettsäuren, Maisstärke, Karamellzuckersirup), gewürzte Gemüsemischung 12% (Karotten, Zucchini, Romanobohnen, Gewürzextrakte, Speisesalz jodiert [Speisesalz, Kaliumjodid]). In Großbuchstaben angegebene Zutaten enthalten allergene Inhaltsstoffe."]},{"key":"Allergene:","value":["Enthält:Milch und daraus gewonnene Erzeugnisse (inkl. Laktose), Sellerie und daraus gewonnene Erzeugnisse"]},{"key":"","value":["einfach OHNE:ohne Konservierungsstoffeohne Farbstoffzusatzohne Geschmacksverstärker"]},{"key":"","value":["Hoher Proteingehalt","Niedriger Gehalt an Zucker"]},{"key":"Zubereitung:","value":["Unter Rühren kurz anbratenBei mittlerer Hitze unter Zugabe von 2 bis 3 Esslöffeln Wasser die Hühnerbrust unter mehrmaligem Wenden ca. 3 Minuten erwärmen. Die Sauce dazugeben und gemeinsam nochmals etwa 2 Minuten erhitzen. In einer zweiten Pfanne den Reis bei mittlerer Hitze unter ständigem Rühren ca. 3 Minuten erhitzen.","Zubereitung in der MikrowellePackungsfolie mit einer Gabel mehrfach einstechen. Die geschlossene Schale ca. 2 bis 3 Minuten bei 600 Watt erhitzen. Kurz ruhen lassen, die Folie abziehen, anrichten und genießen."]},{"key":"Identitätskennzeichen:","value":["AT 30733 EG"]},{"key":"Zusatztext:","value":["Schonende Zubereitung in der Mikrowelle.Eine abwechslungsreiche, ausgewogene Ernährung, Bewegung und ein gesunder Lebensstil sind wichtig für die Gesundheit."]},{"key":"Ursprungsland/Herkunftsort:","value":["Hühnerfleisch aus Österreich"]},{"key":"Kontakt:","value":["SPAR Österr. Warenhandels-AG","Europastraße 3, 5015 Salzburg, Österreich","office@spar.at"]}],"nutritions":[{"key":"","value":"Unzubereitet"},{"key":" ","value":"100 g"},{"key":"Energie","value":"476 kJ | 113 kcal"},{"key":"Fett","value":"2,2 g"},{"key":"Fett, davon gesättigte Fettsäuren","value":"1,1 g"},{"key":"Kohlenhydrate","value":"13 g"},{"key":"Kohlenhydrate, davon Zucker","value":"0,8 g"},{"key":"Ballaststoffe","value":"0,5 g"},{"key":"Eiweiß","value":"10 g"},{"key":"Salz","value":"1 g"},{"key":"Broteinheiten","value":"1,1 BE"},{"key":"","value":"Unzubereitet"},{"key":" ","value":"Portion (330 g)"},{"key":"Energie","value":"1572 kJ | 372 kcal | 19 %"},{"key":"Fett","value":"7,3 g | 10 %"},{"key":"Fett, davon gesättigte Fettsäuren","value":"3,6 g | 18 %"},{"key":"Kohlenhydrate","value":"43 g | 17 %"},{"key":"Kohlenhydrate, davon Zucker","value":"2,6 g | 3 %"},{"key":"Ballaststoffe","value":"1,7 g"},{"key":"Eiweiß","value":"33 g | 66 %"},{"key":"Salz","value":"3,3 g | 55 %"},{"key":"Broteinheiten","value":"3,6 BE"}],"tags":[]},
    {"url":"https://www.interspar.at/shop/lebensmittel/p/2020001222674","data":[{"key":"price","value":"1,29 €"},{"key":"oldPrice","value":"\n\t\t\t\t\t\n\t\t\t\t\t \n\t\t\t\t"},{"key":"pricePerUnit","value":"(5.16 €/l)"},{"key":"productDetailsName","value":"SPAR Natur*pur - Schlagobers 36% Fett - 250 ML"},{"key":"detailsDescription","value":"250 ML"},{"key":"articleNumber","value":"Artikelnummer: 2020001222674"},{"key":"Lagerhinweis:","value":["Vor und nach dem Öffnen gekühlt bei +4 bis +6°C lagern. Nach dem Öffnen innerhalb von 1-2 Tagen genießen."]},{"key":"Zutaten:","value":["Zutaten: SCHLAGOBERS aus biologischer Landwirtschaft. In Großbuchstaben angegebene Zutaten enthalten allergene Inhaltsstoffe."]},{"key":"Allergene:","value":["Enthält:Milch und daraus gewonnene Erzeugnisse (inkl. Laktose)"]},{"key":"Zubereitung:","value":["BackenRezepttipp: Käse-Spaghetti (für 2 Personen)250g SPAR Natur*pur Bio-Spaghetti al dente kochen, abseihen, in eine bebutterte Auflaufform geben.- 1 Becher SPAR Natur*pur Cottage Cheese- 200ml SPAR Natur*pur Bio-Schlagobers- 1 kleingehackte SPAR Natur*pur Bio-Zwiebel- 4 klein gehackte SPAR Natur*pur Bio-Knoblauchzehen- Pfeffer und SalzAlle Zutaten mixen, über die Spaghetti geben, mit SPAR Natur*pur Bio-Pizzakäse gerieben bestreuen, mit Flöckchen von der SPAR Natur*pur Bio-Butter belegen und bei 200 Grad 20-30 Minuten goldbraun überbacken."]},{"key":"Bio-Kontrollstelle:","value":["AT-BIO-301"]},{"key":"Ökoherkunft:","value":["Österreich-Landwirtschaft"]},{"key":"Identitätskennzeichen:","value":["AT 30960 EG"]},{"key":"Ursprungsland/Herkunftsort:","value":["Qualität aus Österreich"]},{"key":"Verbrauchen nach dem Öffnen:","value":["2 Tage"]},{"key":"Kontakt:","value":["SPAR Österr. Warenhandels-AG","Europastraße 3, 5015 Salzburg, Österreich","office@spar.at"]}],"nutritions":[{"key":"","value":"Unzubereitet"},{"key":" ","value":"100 ml"},{"key":"Energie","value":"1422 kJ | 345 kcal"},{"key":"Fett","value":"36 g"},{"key":"Fett, davon gesättigte Fettsäuren","value":"22 g"},{"key":"Kohlenhydrate","value":"3 g"},{"key":"Kohlenhydrate, davon Zucker","value":"3 g"},{"key":"Ballaststoffe","value":"0 g"},{"key":"Eiweiß","value":"2,3 g"},{"key":"Salz","value":"0,1 g"},{"key":"Broteinheiten","value":"0,3 BE"}],"tags":["Bio","immer Billig"]},
    {"url":"https://www.interspar.at/shop/lebensmittel/p/2020001593057","data":[{"key":"price","value":"1,25 €"},{"key":"oldPrice","value":"\n\t\t\t\t\t\n\t\t\t\t\t \n\t\t\t\t"},{"key":"pricePerUnit","value":"(1.25 €/l)"},{"key":"productDetailsName","value":"SPAR Natur*pur - Bio-Bergbauern-Leichtmilch 0,9% Fett - 1 L"},{"key":"detailsDescription","value":"1 L"},{"key":"articleNumber","value":"Artikelnummer: 2020001593057"},{"key":"Lagerhinweis:","value":["Vor und nach dem Öffnen gekühlt lagern. Nach dem Öffnen innerhalb von 3 Tagen genießen."]},{"key":"Zutaten:","value":["Zutaten: LEICHTMILCH aus biologischer Landwirtschaft. In Großbuchstaben angegebene Zutaten enthalten allergene Inhaltsstoffe."]},{"key":"Allergene:","value":["Enthält:Milch und daraus gewonnene Erzeugnisse (inkl. Laktose)"]},{"key":"","value":["Enthält 74% weniger Fett als Vollmilch mit 3,5% Fett."]},{"key":"Bio-Kontrollstelle:","value":["AT-BIO-902"]},{"key":"Ökoherkunft:","value":["Österreich-Landwirtschaft"]},{"key":"Identitätskennzeichen:","value":["AT 40443 EG"]},{"key":"Zusatztext:","value":["AMA-Lizenznummer: 1001 4003Kontrolltiert durch AT-BIO-301"]},{"key":"Ursprungsland/Herkunftsort:","value":["Qualität aus Österreich"]},{"key":"Kontakt:","value":["SPAR Österr. Warenhandels-AG","Europastraße 3, 5015 Salzburg, Österreich","office@spar.at"]}],"nutritions":[{"key":"","value":"Unzubereitet"},{"key":" ","value":"100 ml"},{"key":"Energie","value":"174 kJ | 42 kcal"},{"key":"Fett","value":"0,9 g"},{"key":"Fett, davon gesättigte Fettsäuren","value":"0,6 g"},{"key":"Kohlenhydrate","value":"4,9 g"},{"key":"Kohlenhydrate, davon Zucker","value":"4,9 g"},{"key":"Ballaststoffe","value":"0 g"},{"key":"Eiweiß","value":"3,4 g"},{"key":"Salz","value":"0,13 g"},{"key":"Kalzium","value":"120 mg | 15 %"},{"key":"Broteinheiten","value":"0,4 BE"},{"key":"","value":"Unzubereitet"},{"key":" ","value":"Portion (250 ml)"},{"key":"Energie","value":"435 kJ | 105 kcal"},{"key":"Fett","value":"2,3 g"},{"key":"Fett, davon gesättigte Fettsäuren","value":"1,5 g"},{"key":"Kohlenhydrate","value":"12 g"},{"key":"Kohlenhydrate, davon Zucker","value":"12 g"},{"key":"Ballaststoffe","value":"0 g"},{"key":"Eiweiß","value":"8,5 g"},{"key":"Salz","value":"0,33 g"},{"key":"Kalzium","value":"300 mg | 38 %"},{"key":"Broteinheiten","value":"1 BE"}],"tags":["Bio","immer Billig"]},
    {"url":"https://www.interspar.at/shop/lebensmittel/p/2020001742219","data":[{"key":"price","value":"1,05 €"},{"key":"oldPrice","value":"\n\t\t\t\t\t\n\t\t\t\t\t \n\t\t\t\t"},{"key":"pricePerUnit","value":"(1.05 €/l)"},{"key":"productDetailsName","value":"SPAR Natur*pur - Bio-Bergbauern-Halbfettmilch - 1 L"},{"key":"detailsDescription","value":"1 L"},{"key":"articleNumber","value":"Artikelnummer: 2020001742219"},{"key":"Lagerhinweis:","value":["Vor und nach dem Öffnen gekühlt (3-6°C) lagern. Nach dem Öffnen innerhalb weniger Tage genießen."]},{"key":"Zutaten:","value":["Zutaten: MILCH. In Großbuchstaben angegebene Zutaten enthalten allergene Inhaltsstoffe."]},{"key":"Allergene:","value":["Enthält:Milch und daraus gewonnene Erzeugnisse (inkl. Laktose)"]},{"key":"","value":["Enthält 49% weniger Fett als Vollmilch mit 3,5% Fett."]},{"key":"Bio-Kontrollstelle:","value":["AT-BIO-902"]},{"key":"Ökoherkunft:","value":["Österreich-Landwirtschaft"]},{"key":"Identitätskennzeichen:","value":["AT 30751 EG"]},{"key":"Ursprungsland/Herkunftsort:","value":["Qualität aus Österreich"]},{"key":"Kontakt:","value":["SPAR Österr. Warenhandels-AG","Europastraße 3, 5015 Salzburg, Österreich","office@spar.at"]}],"nutritions":[{"key":"","value":"Unzubereitet"},{"key":" ","value":"100 g"},{"key":"Energie","value":"208 kJ | 49 kcal"},{"key":"Fett","value":"1,8 g"},{"key":"Fett, davon gesättigte Fettsäuren","value":"1,2 g"},{"key":"Kohlenhydrate","value":"4,9 g"},{"key":"Kohlenhydrate, davon Stärke","value":"4,9 g"},{"key":"Ballaststoffe","value":"0 g"},{"key":"Eiweiß","value":"3,4 g"},{"key":"Salz","value":"0,13 g"},{"key":"Broteinheiten","value":"0,4 BE"},{"key":"","value":"Unzubereitet"},{"key":" ","value":"Portion (250 ml)"},{"key":"Energie","value":"515 kJ | 123 kcal"},{"key":"Fett","value":"4,5 g"},{"key":"Fett, davon gesättigte Fettsäuren","value":"3 g"},{"key":"Kohlenhydrate","value":"12 g"},{"key":"Kohlenhydrate, davon Zucker","value":"12 g"},{"key":"Ballaststoffe","value":"0 g"},{"key":"Eiweiß","value":"8,5 g"},{"key":"Salz","value":"0,33 g"},{"key":"Broteinheiten","value":"1 BE"}],"tags":["Bio","immer Billig"]},
    {"url":"https://www.interspar.at/shop/lebensmittel/p/4329756","data":[{"key":"price","value":"0,85 €"},{"key":"oldPrice","value":"\n\t\t\t\t\t\n\t\t\t\t\t \n\t\t\t\t"},{"key":"pricePerUnit","value":"(1.70 €/l)"},{"key":"productDetailsName","value":"SPAR Natur*pur - Bio-Vollmilch 3,5% Fett aus Wiesenmilch - 0,5 L"},{"key":"detailsDescription","value":"0,5 L"},{"key":"articleNumber","value":"Artikelnummer: 4329756"},{"key":"Lagerhinweis:","value":["Vor und nach dem Öffnen kühl lagern. Nach dem Öffnen innerhalb von 2-3 Tagen genießen."]},{"key":"Zutaten:","value":["Zutaten: VOLLMILCH aus biologischer Landwirtschaft. In Großbuchstaben angegebene Zutaten enthalten allergene Inhaltsstoffe."]},{"key":"Allergene:","value":["Enthält:Milch und daraus gewonnene Erzeugnisse (inkl. Laktose)"]},{"key":"Bio-Kontrollstelle:","value":["AT-BIO-301"]},{"key":"Ökoherkunft:","value":["Österreich-Landwirtschaft"]},{"key":"Identitätskennzeichen:","value":["AT 20130 EG"]},{"key":"Ursprungsland/Herkunftsort:","value":["Qualität aus Österreich"]},{"key":"Verbrauchen nach dem Öffnen:","value":["2 Tage"]},{"key":"Kontakt:","value":["SPAR Österr. Warenhandels-AG","Europastraße 3, 5015 Salzburg, Österreich"]}],"nutritions":[{"key":"","value":"Unzubereitet"},{"key":" ","value":"100 g"},{"key":"Energie","value":"268 kJ | 64 kcal"},{"key":"Fett","value":"3,5 g"},{"key":"Fett, davon gesättigte Fettsäuren","value":"2,5 g"},{"key":"Kohlenhydrate","value":"4,8 g"},{"key":"Kohlenhydrate, davon Zucker","value":"4,8 g"},{"key":"Ballaststoffe","value":"0,05 g"},{"key":"Eiweiß","value":"3,3 g"},{"key":"Salz","value":"0,13 g"},{"key":"Kalzium","value":"120 mg | 15 %"},{"key":"Broteinheiten","value":"0,4 BE"}],"tags":["Bio"]},
    {"url":"https://www.interspar.at/shop/lebensmittel/p/1176742","data":[{"key":"price","value":"1,29 €"},{"key":"oldPrice","value":"\n\t\t\t\t\t\n\t\t\t\t\t \n\t\t\t\t"},{"key":"pricePerUnit","value":"(1.29 €/l)"},{"key":"productDetailsName","value":"SPAR Natur*pur - Bio-Bergbauern Vollmilch 3,5% Fett, länger frisch - 1 L"},{"key":"detailsDescription","value":"1 L"},{"key":"articleNumber","value":"Artikelnummer: 1176742"},{"key":"Lagerhinweis:","value":["Vor und nach dem Öffnen gekühlt (3-6°C) lagern. Nach dem Öffnen innerhalb von 3 Tagen genießen."]},{"key":"Allergene:","value":["Enthält:Milch und daraus gewonnene Erzeugnisse (inkl. Laktose)"]},{"key":"Bio-Kontrollstelle:","value":["AT-BIO-902"]},{"key":"Ökoherkunft:","value":["Österreich-Landwirtschaft"]},{"key":"Identitätskennzeichen:","value":["AT 30751 EG"]},{"key":"Ursprungsland/Herkunftsort:","value":["Qualität aus Österreich"]},{"key":"Verbrauchen nach dem Öffnen:","value":["3 Tage"]},{"key":"Kontakt:","value":["SPAR Österr. Warenhandels-AG","Europastraße 3, 5015 Salzburg, Österreich"]}],"nutritions":[{"key":"","value":"Unzubereitet"},{"key":" ","value":"100 ml"},{"key":"Energie","value":"267 kJ | 64 kcal"},{"key":"Fett","value":"3,5 g"},{"key":"Fett, davon gesättigte Fettsäuren","value":"2,3 g"},{"key":"Kohlenhydrate","value":"4,8 g"},{"key":"Kohlenhydrate, davon Zucker","value":"4,8 g"},{"key":"Ballaststoffe","value":"0 g"},{"key":"Eiweiß","value":"3,3 g"},{"key":"Salz","value":"0,13 g"},{"key":"Kalzium","value":"120 mg | 15 %"},{"key":"Broteinheiten","value":"0,4 BE"},{"key":"","value":"Unzubereitet"},{"key":" ","value":"Portion (250 ml)"},{"key":"Energie","value":"668 kJ | 160 kcal"},{"key":"Fett","value":"8,8 g"},{"key":"Fett, davon gesättigte Fettsäuren","value":"5,8 g"},{"key":"Kohlenhydrate","value":"12 g"},{"key":"Kohlenhydrate, davon Zucker","value":"12 g"},{"key":"Ballaststoffe","value":"0 g"},{"key":"Eiweiß","value":"8,3 g"},{"key":"Salz","value":"0,33 g"},{"key":"Kalzium","value":"300 mg | 38 %"},{"key":"Broteinheiten","value":"1 BE"}],"tags":["Bio","immer Billig"]},
    {"url":"https://www.interspar.at/shop/lebensmittel/p/7257025","data":[{"key":"price","value":"0,49 €"},{"key":"oldPrice","value":"\n\t\t\t\t\t\n\t\t\t\t\t \n\t\t\t\t"},{"key":"pricePerUnit","value":"(2.72 €/kg)"},{"key":"productDetailsName","value":"S-BUDGET - Topfencreme Stracciatella - 180 G"},{"key":"detailsDescription","value":"180 G"},{"key":"articleNumber","value":"Artikelnummer: 7257025"},{"key":"Lagerhinweis:","value":["Gekühlt lagern bei +3°C bis 9°C."]},{"key":"Zutaten:","value":["Zutaten: 33% MAGERTOPFEN, 23% MAGERJOGHURT, 22% RAHM (18% Fett), Zucker, Glucose-Fructose-Sirup, 2% Schokoladestückchen (Kakaomasse, Kakaobutter, Zucker, Emulgator: Lecithine), Verdickungsmittel: Guarkernmehl, modifizierte Stärke, Gelatine, MILCHEIWEISS, natürliche Aromen. In Großbuchstaben angegebene Zutaten enthalten allergene Inhaltsstoffe."]},{"key":"Allergene:","value":["Enthält:Milch und daraus gewonnene Erzeugnisse (inkl. Laktose)"]},{"key":"Identitätskennzeichen:","value":["AT 60212 EG"]},{"key":"Ursprungsland/Herkunftsort:","value":["hergestellt in Österreich"]},{"key":"Kontakt:","value":["SPAR Österr. Warenhandels-AG","Europastraße 3, 5015 Salzburg, Österreich"]}],"nutritions":[{"key":"","value":"Unzubereitet"},{"key":" ","value":"100 g"},{"key":"Energie","value":"586 kJ | 139 kcal"},{"key":"Fett","value":"5,6 g"},{"key":"Fett, davon gesättigte Fettsäuren","value":"3,5 g"},{"key":"Kohlenhydrate","value":"17 g"},{"key":"Kohlenhydrate, davon Zucker","value":"16 g"},{"key":"Eiweiß","value":"5,2 g"},{"key":"Salz","value":"0,09 g"},{"key":"Broteinheiten","value":"1,4 BE"}],"tags":["immer Billig"]},
    {"url":"https://www.interspar.at/shop/lebensmittel/p/7257032","data":[{"key":"price","value":"0,49 €"},{"key":"oldPrice","value":"\n\t\t\t\t\t\n\t\t\t\t\t \n\t\t\t\t"},{"key":"pricePerUnit","value":"(2.72 €/kg)"},{"key":"productDetailsName","value":"S-BUDGET - Topfencreme Erdbeere - 180 G"},{"key":"detailsDescription","value":"180 G"},{"key":"articleNumber","value":"Artikelnummer: 7257032"},{"key":"Lagerhinweis:","value":["Gekühlt lagern bei +3°C bis +9°C."]},{"key":"Zutaten:","value":["Zutaten: 33% MAGERTOPFEN, 23% MAGERJOGHURT, 22% RAHM (18% Fett), 10% Erdbeeren, Zucker, Glucose-Fructose-Sirup, modifizierte Stärke, rote Beetesaftkonzentrat, schwarzes Karottensaftkonzentrat, Verdickungsmittel: Pektin, Guarkernmehl; Gelatine, MILCHEIWEISS, Aroma, Säuerungsmittel: Milchsäure, Citronensäure. In Großbuchstaben angegebene Zutaten erhalten allergene Inhaltsstoffe."]},{"key":"Allergene:","value":["Enthält:Milch und daraus gewonnene Erzeugnisse (inkl. Laktose)"]},{"key":"Identitätskennzeichen:","value":["AT 60212 EG"]},{"key":"Ursprungsland/Herkunftsort:","value":["hergestellt in Österreich"]},{"key":"Kontakt:","value":["SPAR Österr. Warenhandels-AG","Europastraße 3, 5015 Salzburg, Österreich"]}],"nutritions":[{"key":"","value":"Unzubereitet"},{"key":" ","value":"100 g"},{"key":"Energie","value":"494 kJ | 117 kcal"},{"key":"Fett","value":"4 g"},{"key":"Fett, davon gesättigte Fettsäuren","value":"2,5 g"},{"key":"Kohlenhydrate","value":"15 g"},{"key":"Kohlenhydrate, davon Zucker","value":"14 g"},{"key":"Eiweiß","value":"5,2 g"},{"key":"Salz","value":"0,09 g"},{"key":"Broteinheiten","value":"1,3 BE"}],"tags":["immer Billig"]},
    {"url":"https://www.interspar.at/shop/lebensmittel/p/7257049","data":[{"key":"price","value":"0,49 €"},{"key":"oldPrice","value":"\n\t\t\t\t\t\n\t\t\t\t\t \n\t\t\t\t"},{"key":"pricePerUnit","value":"(2.72 €/kg)"},{"key":"productDetailsName","value":"S-BUDGET - Topfencreme Vanille - 180 G"},{"key":"detailsDescription","value":"180 G"},{"key":"articleNumber","value":"Artikelnummer: 7257049"},{"key":"Lagerhinweis:","value":["Gekühlt lagern bei +3°C bis +9°C."]},{"key":"Zutaten:","value":["Zutaten: 33% MAGERTOPFEN, 23% MAGERJOGHURT, 22% RAHM (18% Fett), Zucker, Glucose-Fructose-Sirup, Verdickungsmittel: Guarkernmehl, modifizierte Stärke, Gelatine, MILCHEIWEISS, Bourbonvanilleschotenextrakt, natürliches Vanillearoma, Säuerungsmittel: Milchsäure, Farbstoff: Beta-Carotin, Vanillepulver extrahiert. In Großbuchstaben angegebene Zutaten erhalten allergene Inhaltsstoffe."]},{"key":"Allergene:","value":["Enthält:Milch und daraus gewonnene Erzeugnisse (inkl. Laktose)"]},{"key":"Identitätskennzeichen:","value":["AT 60212 EG"]},{"key":"Ursprungsland/Herkunftsort:","value":["hergestellt in Österreich"]},{"key":"Kontakt:","value":["SPAR Österr. Warenhandels-AG","Europastraße 3, 5015 Salzburg, Österreich"]}],"nutritions":[{"key":"","value":"Unzubereitet"},{"key":" ","value":"100 g"},{"key":"Energie","value":"529 kJ | 126 kcal"},{"key":"Fett","value":"4 g"},{"key":"Fett, davon gesättigte Fettsäuren","value":"2,5 g"},{"key":"Kohlenhydrate","value":"17 g"},{"key":"Kohlenhydrate, davon Zucker","value":"16 g"},{"key":"Eiweiß","value":"5,1 g"},{"key":"Salz","value":"0,09 g"},{"key":"Broteinheiten","value":"1,4 BE"}],"tags":["immer Billig"]},
    {"url":"https://www.interspar.at/shop/lebensmittel/p/7678998","data":[{"key":"price","value":"0,89 €"},{"key":"oldPrice","value":"\n\t\t\t\t\t\n\t\t\t\t\t \n\t\t\t\t"},{"key":"pricePerUnit","value":"(2.47 €/kg)"},{"key":"productDetailsName","value":"SPAR - Frubi-Doo - 360 G"},{"key":"detailsDescription","value":"360 G"},{"key":"articleNumber","value":"Artikelnummer: 7678998"},{"key":"Lagerhinweis:","value":["Gekühlt lagern."]},{"key":"Zutaten:","value":["Zutaten: FRISCHKÄSE, Zucker, Früchte (je nach Sorte Erdbeeren, Marillen oder Bananen), modifizierte Stärke*, färbendes Karottenkonzentrat (bei Erdbeere und Marille), Rote Betesaftkonzentrat (bei Erdbeere und Marille), Kalziumcarbonat, Kalziumphosphate, Verdickungsmittel: Guarkernmehl, Xanthan; natürliches Aroma, Vitamin D. In Großbuchstaben angegebene Zutaten enthalten allergene Inhaltsstoffe. *aus Mais."]},{"key":"Allergene:","value":["Enthält:Milch und daraus gewonnene Erzeugnisse (inkl. Laktose)"]},{"key":"","value":["mit Kalziummit Vitamin D"]},{"key":"","value":["Ohne Konservierungsstoffe"]},{"key":"Identitätskennzeichen:","value":["DE BY 77727 EG"]},{"key":"Kontakt:","value":["SPAR Österr. Warenhandels-AG","Europastraße 3, 5015 Salzburg, Österreich"]}],"nutritions":[{"key":" ","value":"100 g"},{"key":"","value":"Unzubereitet"},{"key":"Energie","value":"441 kJ | 105 kcal"},{"key":"Fett","value":"2,9 g"},{"key":"Fett, davon gesättigte Fettsäuren","value":"1,9 g"},{"key":"Kohlenhydrate","value":"14 g"},{"key":"Kohlenhydrate, davon Zucker","value":"13 g"},{"key":"Ballaststoffe","value":"< 0,5 g"},{"key":"Eiweiß","value":"5,6 g"},{"key":"Salz","value":"0,1 g"},{"key":"Vitamin D","value":"1,25 µg | 25 %"},{"key":"Kalzium","value":"240 mg | 30 %"},{"key":"Broteinheiten","value":"1,2 BE"}],"tags":[]},
    {"url":"https://www.interspar.at/shop/lebensmittel/p/2933658","data":[{"key":"price","value":"1,05 €"},{"key":"oldPrice","value":"\n\t\t\t\t\t\n\t\t\t\t\t \n\t\t\t\t"},{"key":"pricePerUnit","value":"(4.20 €/l)"},{"key":"productDetailsName","value":"S-BUDGET - Österreichischer Schlagobers pasteurisiert, 36% Fett - 250 ML"},{"key":"detailsDescription","value":"250 ML"},{"key":"articleNumber","value":"Artikelnummer: 2933658"},{"key":"Lagerhinweis:","value":["Vor und nach dem Öffnen gekühlt (bei +3°C bis +6°C) lagern. Nach dem Öffnen alsbald verbrauchen."]},{"key":"Zutaten:","value":["Zutaten: Pasteurisierter RAHM mit 36% Fett. In Großbuchstaben angegebene Zutaten enthalten allergene Inhaltsstoffe."]},{"key":"Allergene:","value":["Enthält:Milch und daraus gewonnene Erzeugnisse (inkl. Laktose)"]},{"key":"Identitätskennzeichen:","value":["AT 30751 EG"]},{"key":"Ursprungsland/Herkunftsort:","value":["Qualität aus Österreich"]},{"key":"Kontakt:","value":["SPAR Österr. Warenhandels-AG","Europastraße 3, 5015 Salzburg, Österreich"]}],"nutritions":[{"key":" ","value":"100 ml"},{"key":"","value":"Unzubereitet"},{"key":"Energie","value":"1422 kJ | 345 kcal"},{"key":"Fett","value":"36 g"},{"key":"Fett, davon gesättigte Fettsäuren","value":"23 g"},{"key":"Kohlenhydrate","value":"3 g"},{"key":"Kohlenhydrate, davon Zucker","value":"3 g"},{"key":"Ballaststoffe","value":"0 g"},{"key":"Eiweiß","value":"2,3 g"},{"key":"Salz","value":"0,08 g"},{"key":"Broteinheiten","value":"0,3 BE"}],"tags":[]},
    {"url":"https://www.interspar.at/shop/lebensmittel/p/7005732","data":[{"key":"price","value":"1,09 €"},{"key":"oldPrice","value":"\n\t\t\t\t\t\n\t\t\t\t\t \n\t\t\t\t"},{"key":"pricePerUnit","value":"(4.36 €/l)"},{"key":"productDetailsName","value":"SPAR - Schlagobers 36% Fett länger frisch - 250 ML"},{"key":"detailsDescription","value":"250 ML"},{"key":"articleNumber","value":"Artikelnummer: 7005732"},{"key":"Lagerhinweis:","value":["Gekühlt lagern! Nach dem Öffnen gekühlt lagern und alsbald verbrauchen."]},{"key":"Zutaten:","value":["Zutaten: hocherhitzter RAHM 36% Fett, Stabilisator: Carrageen. In Großbuchstaben angegebene Zutaten enthalten allergene Inhaltsstoffe."]},{"key":"Allergene:","value":["Enthält:Milch und daraus gewonnene Erzeugnisse (inkl. Laktose)"]},{"key":"Identitätskennzeichen:","value":["AT 40443 EG"]},{"key":"Ursprungsland/Herkunftsort:","value":["Sorgfältig hergestellt von Molkerei Seifried"]},{"key":"Kontakt:","value":["SPAR Österr. Warenhandels-AG","Europastraße 3, 5015 Salzburg, Österreich","office@spar.at"]}],"nutritions":[],"tags":[]},
    {"url":"https://www.interspar.at/shop/lebensmittel/p/3201107","data":[{"key":"price","value":"0,83 €"},{"key":"oldPrice","value":"\n\t\t\t\t\t\n\t\t\t\t\t \n\t\t\t\t"},{"key":"pricePerUnit","value":"(16.50 €/kg)"},{"key":"productDetailsName","value":"SPAR Natur*pur - Bio-Rahmbrie - 1 KG"},{"key":"detailsDescription","value":"1 KG"},{"key":"articleNumber","value":"Artikelnummer: 3201107"},{"key":"Lagerhinweis:","value":["Gekühlt lagern."]},{"key":"Zutaten:","value":["Zutaten: KUHMILCH*, Speisesalz unjodiert, Lab, Käsereikulturen. *aus biologischer Landwirtschaft. In Großbuchstaben angegebene Zutaten enthalten allergene Inhaltsstoffe."]},{"key":"Allergene:","value":["Enthält:Milch und daraus gewonnene Erzeugnisse (inkl. Laktose)"]},{"key":"Bio-Kontrollstelle:","value":["AT-BIO-301"]},{"key":"Ökoherkunft:","value":["Österreich-Landwirtschaft"]},{"key":"Identitätskennzeichen:","value":["AT 80142 EG"]},{"key":"Ursprungsland/Herkunftsort:","value":["Hergestellt in Österreich"]},{"key":"Kontakt:","value":["SPAR Österr. Warenhandels-AG","Europastraße 3, 5015 Salzburg, Österreich"]}],"nutritions":[{"key":"","value":"Unzubereitet"},{"key":" ","value":"100 g"},{"key":"Energie","value":"1350 kJ | 320 kcal"},{"key":"Fett","value":"25 g"},{"key":"Fett, davon gesättigte Fettsäuren","value":"0 g"},{"key":"Kohlenhydrate","value":"0 g"},{"key":"Kohlenhydrate, davon Zucker","value":"0 g"},{"key":"Ballaststoffe","value":"0 g"},{"key":"Eiweiß","value":"33 g"},{"key":"Salz","value":"0 g"}],"tags":["Gekühlt","Bio","Glutenfrei"]},
    {"url":"https://www.interspar.at/shop/lebensmittel/p/4076933","data":[{"key":"price","value":"1,55 €"},{"key":"oldPrice","value":"\n\t\t\t\t\t\n\t\t\t\t\t \n\t\t\t\t"},{"key":"pricePerUnit","value":"(15.50 €/kg)"},{"key":"productDetailsName","value":"SPAR Natur*pur - Bio-Camembert - 100 G"},{"key":"detailsDescription","value":"100 G"},{"key":"articleNumber","value":"Artikelnummer: 4076933"},{"key":"Lagerhinweis:","value":["Vor und nach dem Öffnen bei +3 bis +7°C lagern."]},{"key":"Zutaten:","value":["Zutaten: CAMEMBERT* aus 50% F.i.T. aus pasteurisierter Bio-Milch aus Österreich. *aus biologischer Landwirtschaft. In Großbuchstaben angegebene Zutaten enthalten allergene Inhaltsstoffe."]},{"key":"Allergene:","value":["Enthält:Milch und daraus gewonnene Erzeugnisse (inkl. Laktose)"]},{"key":"Bio-Kontrollstelle:","value":["AT-BIO-301"]},{"key":"Ökoherkunft:","value":["Österreich-Landwirtschaft"]},{"key":"Identitätskennzeichen:","value":["AT 80142 EG"]},{"key":"Ursprungsland/Herkunftsort:","value":["Sorgfältig gekäst in Österreich"]},{"key":"Kontakt:","value":["SPAR Österr. Warenhandels-AG","Europastraße 3, 5015 Salzburg, Österreich"]}],"nutritions":[{"key":"","value":"Unzubereitet"},{"key":" ","value":"100 g"},{"key":"Energie","value":"1268 kJ | 306 kcal"},{"key":"Fett","value":"25 g"},{"key":"Fett, davon gesättigte Fettsäuren","value":"15 g"},{"key":"Kohlenhydrate","value":"0,2 g"},{"key":"Kohlenhydrate, davon Zucker","value":"0,2 g"},{"key":"Ballaststoffe","value":"0 g"},{"key":"Eiweiß","value":"20 g"},{"key":"Salz","value":"2 g"},{"key":"Broteinheiten","value":"0 BE"}],"tags":["Bio","Glutenfrei"]},
    {"url":"https://www.interspar.at/shop/lebensmittel/p/8201140","data":[{"key":"price","value":"3,19 €"},{"key":"oldPrice","value":"\n\t\t\t\t\t\n\t\t\t\t\t \n\t\t\t\t"},{"key":"pricePerUnit","value":"(22.79 €/kg)"},{"key":"productDetailsName","value":"SPAR Natur*pur - Bio-Ziegen-Camembert - 140 G"},{"key":"detailsDescription","value":"140 G"},{"key":"articleNumber","value":"Artikelnummer: 8201140"},{"key":"Lagerhinweis:","value":["Gekühlt lagern! Geöffnete Packung weiterhin gekühlt lagern und innerhalb von 3-4 Tagen aufbrauchen."]},{"key":"Zutaten:","value":["Zutaten: pasteurisierte ZIEGENMILCH*, Speisesalz, Lab, Schimmelkulturen. *aus biologischer Landwirtschaft. In Großbuchstaben angegebene Zutaten enthalten allergene Inhaltsstoffe."]},{"key":"Allergene:","value":["Enthält:Milch und daraus gewonnene Erzeugnisse (inkl. Laktose)"]},{"key":"","value":["frei von Konservierungsstoffen*frei von Farbstoffen*ohne Zusatz von Aromen**lt. EU-VO (EG) 834/2007"]},{"key":"","value":["Glutenfrei"]},{"key":"Bio-Kontrollstelle:","value":["AT-BIO-902"]},{"key":"Ökoherkunft:","value":["Österreich-Landwirtschaft"]},{"key":"Identitätskennzeichen:","value":["AT 40141 EG"]},{"key":"Ursprungsland/Herkunftsort:","value":["Sorgfältig gekäst in Österreich"]},{"key":"Verbrauchen nach dem Öffnen:","value":["3 Tage"]},{"key":"Kontakt:","value":["SPAR Österr. Warenhandels-AG","Europastraße 3, 5015 Salzburg, Österreich"]}],"nutritions":[{"key":"","value":"Unzubereitet"},{"key":" ","value":"100 g"},{"key":"Energie","value":"1336 kJ | 322 kcal"},{"key":"Fett","value":"26 g"},{"key":"Fett, davon gesättigte Fettsäuren","value":"18 g"},{"key":"Kohlenhydrate","value":"0 g"},{"key":"Kohlenhydrate, davon Zucker","value":"0 g"},{"key":"Ballaststoffe","value":"0 g"},{"key":"Eiweiß","value":"22 g"},{"key":"Salz","value":"1 g"},{"key":"Broteinheiten","value":"0 BE"}],"tags":["Gekühlt","Bio","Glutenfrei"]},
    {"url":"https://www.interspar.at/shop/lebensmittel/p/6022297","data":[{"key":"price","value":"1,15 €"},{"key":"oldPrice","value":"\n\t\t\t\t\t\n\t\t\t\t\t \n\t\t\t\t"},{"key":"pricePerUnit","value":"(4.60 €/kg)"},{"key":"productDetailsName","value":"Schärdinger Die schlanke Linie - Schlagcreme 18% Fett - 250 G"},{"key":"detailsDescription","value":"250 G"},{"key":"articleNumber","value":"Artikelnummer: 6022297"},{"key":"Lagerhinweis:","value":["Vor und nach dem Öffnen gekühlt (3-6°C) lagern. Nach dem Öffnen innerhalb weniger Tage verbrauchen."]},{"key":"Zutaten:","value":["Zutaten: RAHM 18% Fett, Ballaststoff: Polydextrose, Emulgator: Milchsäureester von Mono- und Diglyceriden von Speisefettsäuren, Verdickungsmittel: Carrageen, Xanthan. In Großbuchstaben angegebene Zutaten enthalten allergene Inhaltsstoffe."]},{"key":"Allergene:","value":["Enthält:Milch und daraus gewonnene Erzeugnisse (inkl. Laktose)"]},{"key":"Identitätskennzeichen:","value":["AT 20141 EG"]},{"key":"Kontakt:","value":["Berglandmilch eGen","Schubertstraße 30, 4600 Wels, Österreich"]}],"nutritions":[{"key":"","value":"Unzubereitet"},{"key":" ","value":"100 g"},{"key":"Energie","value":"797 kJ | 193 kcal"},{"key":"Fett","value":"18 g"},{"key":"Fett, davon gesättigte Fettsäuren","value":"12 g"},{"key":"Kohlenhydrate","value":"3,7 g"},{"key":"Kohlenhydrate, davon Zucker","value":"3,5 g"},{"key":"Ballaststoffe","value":"2,8 g"},{"key":"Eiweiß","value":"2,7 g"},{"key":"Salz","value":"0,1 g"}],"tags":[]},
    {"url":"https://www.interspar.at/shop/lebensmittel/p/4981015","data":[{"key":"price","value":"1,19 €"},{"key":"oldPrice","value":"\n\t\t\t\t\t\n\t\t\t\t\t \n\t\t\t\t"},{"key":"pricePerUnit","value":"(1.19 €/l)"},{"key":"productDetailsName","value":"NÖM fasten - Milch 0,9 % Fett länger frisch - 1 L"},{"key":"detailsDescription","value":"1 L"},{"key":"articleNumber","value":"Artikelnummer: 4981015"},{"key":"Lagerhinweis:","value":["Gekühlt (+ 6 °C) lagern und nach dem Öffnen innerhalb von 1-2 Tagen verbrauchen."]},{"key":"Zutaten:","value":["Zutaten: MILCH 0,9% Fett, MILCHEIWEISS. In Großbuchstaben angegebene Zutaten enthalten allergene Inhaltsstoffe."]},{"key":"Allergene:","value":["Enthält:Milch und daraus gewonnene Erzeugnisse (inkl. Laktose)"]},{"key":"","value":["Hoher Proteingehalt"]},{"key":"Identitätskennzeichen:","value":["AT 30960 EG"]},{"key":"Verbrauchen nach dem Öffnen:","value":["1 Tage"]},{"key":"Kontakt:","value":["NÖM AG","Vöslauer Straße 109, 2500 Baden, Österreich","0800 800 500"]}],"nutritions":[{"key":"","value":"Unzubereitet"},{"key":" ","value":"100 ml"},{"key":"Energie","value":"185 kJ | 44 kcal | 2 %"},{"key":"Fett","value":"0,9 g | 1 %"},{"key":"Fett, davon gesättigte Fettsäuren","value":"0,5 g | 3 %"},{"key":"Kohlenhydrate","value":"4,9 g | 2 %"},{"key":"Kohlenhydrate, davon Zucker","value":"4,9 g | 5 %"},{"key":"Eiweiß","value":"4 g | 8 %"},{"key":"Salz","value":"0,1 g | 2 %"},{"key":"Kalzium","value":"120 mg | 15 %"}],"tags":[]},
    {"url":"https://www.interspar.at/shop/lebensmittel/p/2020000882435","data":[{"key":"price","value":"1,09 €"},{"key":"oldPrice","value":"\n\t\t\t\t\t\n\t\t\t\t\t \n\t\t\t\t"},{"key":"pricePerUnit","value":"(1.09 €/l)"},{"key":"productDetailsName","value":"SPAR - Österr. Vollmilch, 3,5% Fett länger frisch - 1 L"},{"key":"detailsDescription","value":"1 L"},{"key":"articleNumber","value":"Artikelnummer: 2020000882435"},{"key":"Lagerhinweis:","value":["Gekühlt bei 4° - 6°C lagern. Nach dem Öffnen gekühlt bei 4° - 6°C lagern und innerhalb weniger Tage verbrauchen."]},{"key":"Zutaten:","value":["Zutaten: pasteurisierte VOLLMILCH. In Großbuchstaben angegebene Zutaten enthalten allergene Inhaltsstoffe."]},{"key":"Allergene:","value":["Enthält:Milch und daraus gewonnene Erzeugnisse (inkl. Laktose)"]},{"key":"Identitätskennzeichen:","value":["AT 60208 EG"]},{"key":"Ursprungsland/Herkunftsort:","value":["hergestellt in Österreich"]},{"key":"Kontakt:","value":["SPAR Österr. Warenhandels-AG","Europastraße 3, 5015 Salzburg, Österreich"]}],"nutritions":[{"key":"","value":"Unzubereitet"},{"key":" ","value":"100 ml"},{"key":"Energie","value":"274 kJ | 66 kcal"},{"key":"Fett","value":"3,6 g"},{"key":"Fett, davon gesättigte Fettsäuren","value":"2,4 g"},{"key":"Kohlenhydrate","value":"4,8 g"},{"key":"Kohlenhydrate, davon Zucker","value":"4,8 g"},{"key":"Ballaststoffe","value":"0 g"},{"key":"Eiweiß","value":"3,4 g"},{"key":"Salz","value":"0,12 g"},{"key":"Kalzium","value":"120 mg | 15 %"},{"key":"Broteinheiten","value":"0,4 BE"},{"key":"","value":"Unzubereitet"},{"key":" ","value":"Portion (250 ml)"},{"key":"Energie","value":"685 kJ | 165 kcal"},{"key":"Fett","value":"9 g"},{"key":"Fett, davon gesättigte Fettsäuren","value":"5,9 g"},{"key":"Kohlenhydrate","value":"12 g"},{"key":"Kohlenhydrate, davon Zucker","value":"12 g"},{"key":"Ballaststoffe","value":"0 g"},{"key":"Eiweiß","value":"8,5 g"},{"key":"Salz","value":"0,29 g"},{"key":"Kalzium","value":"300 mg | 38 %"},{"key":"Broteinheiten","value":"1 BE"}],"tags":[]},
    {"url":"https://www.interspar.at/shop/lebensmittel/p/1144840","data":[{"key":"price","value":"0,99 €"},{"key":"oldPrice","value":"\n\t\t\t\t\t\n\t\t\t\t\t \n\t\t\t\t"},{"key":"pricePerUnit","value":"(7.33 €/kg)"},{"key":"productDetailsName","value":"Ehrmann Monsterbacke - Erdbeere mit Knister - 135 G"},{"key":"detailsDescription","value":"135 G"},{"key":"articleNumber","value":"Artikelnummer: 1144840"},{"key":"Lagerhinweis:","value":["Bei maximal + 8 °C lagern."]},{"key":"Zutaten:","value":["Zutaten: 66% JOGHURT mild, Erdbeerzubereitung (Erdbeerpüree, Zucker, Wasser, modifizierte Stärke, färbendes Karottenkonzentrat, Säureregulator: Natriumcitrat, natürliches Aroma), Knisterzucker (Zucker, Glukose, Überzugsmittel: Kakaobutter, Kohlendioxid, LAKTOSE, natürliches Aroma, Farbstoffe: Echtes Karmin, Brilliantblau FCF, Kupferhaltige Komplexe der Chlorophylle und Chlorophylline; Zucker, modifizierte Stärke, Speisegelatine, MILCHEIWEISS. In Großbuchstaben angegebene Zutaten enthalten allergene Inhaltsstoffe."]},{"key":"Allergene:","value":["Kann Spuren enthalten von:Eier und daraus gewonnene Erzeugnisse, Glutenhaltiges Getreide und daraus hergestellte Erzeugnisse, Lupinen und daraus gewonnene Erzeugnisse, Schalenfrüchte und daraus gewonnene Erzeugnisse, Sojabohnen und daraus gewonnene Erzeugnisse","Enthält:Milch und daraus gewonnene Erzeugnisse (inkl. Laktose)"]},{"key":"Identitätskennzeichen:","value":["DE BY 77727 EG"]},{"key":"Zusatztext:","value":["Füllhöhe technisch bedingt."]},{"key":"Kontakt:","value":["Ehrmann AG","Hauptstraße 19, 87770 Oberschönegg, Deutschland"]}],"nutritions":[{"key":"","value":"Unzubereitet"},{"key":" ","value":"100 g"},{"key":"Energie","value":"499 kJ | 118 kcal"},{"key":"Fett","value":"3,2 g"},{"key":"Fett, davon gesättigte Fettsäuren","value":"2,1 g"},{"key":"Kohlenhydrate","value":"19,5 g"},{"key":"Kohlenhydrate, davon Zucker","value":"17,5 g"},{"key":"Eiweiß","value":"2,9 g"},{"key":"Salz","value":"0,13 g"}],"tags":[]},
    {"url":"https://www.interspar.at/shop/lebensmittel/p/1144895","data":[{"key":"price","value":"0,99 €"},{"key":"oldPrice","value":"\n\t\t\t\t\t\n\t\t\t\t\t \n\t\t\t\t"},{"key":"pricePerUnit","value":"(7.33 €/kg)"},{"key":"productDetailsName","value":"Ehrmann Monsterbacke - Himbeere mit Knister - 135 G"},{"key":"detailsDescription","value":"135 G"},{"key":"articleNumber","value":"Artikelnummer: 1144895"},{"key":"Lagerhinweis:","value":["Bei maximal + 8 °C lagern."]},{"key":"Zutaten:","value":["Zutaten: 66 % JOGHURT mild, Himbeerzubereitung (Himbeerpüree, Zucker, Wasser, modifizierte Stärke, färbendes Karottenkonzentrat, natürliches Aroma), Knisterzucker (Zucker, Glukose, Überzugsmittel: Kakaobutter, Kohlendioxid, LAKTOSE, natürliches Aroma, Farbstoffe: Echtes Karmin, Brilliantblau FCF, Kupferhaltige Komplexe der Chlorophylle und Chlorophylline; Zucker, modifizierte Stärke, Speisegelatine, MILCHEIWEISS. In Großbuchstaben angegebene Zutaten enthalten allergene Inhaltsstoffe."]},{"key":"Allergene:","value":["Kann Spuren enthalten von:Eier und daraus gewonnene Erzeugnisse, Glutenhaltiges Getreide und daraus hergestellte Erzeugnisse, Lupinen und daraus gewonnene Erzeugnisse, Schalenfrüchte und daraus gewonnene Erzeugnisse, Sojabohnen und daraus gewonnene Erzeugnisse","Enthält:Milch und daraus gewonnene Erzeugnisse (inkl. Laktose)"]},{"key":"Identitätskennzeichen:","value":["DE BY 77727 EG"]},{"key":"Zusatztext:","value":["Füllhöhe technisch bedingt."]},{"key":"Kontakt:","value":["Ehrmann AG","Hauptstraße 19, 87770 Oberschönegg, Deutschland"]}],"nutritions":[{"key":"","value":"Unzubereitet"},{"key":" ","value":"100 g"},{"key":"Energie","value":"499 kJ | 118 kcal"},{"key":"Fett","value":"3,2 g"},{"key":"Fett, davon gesättigte Fettsäuren","value":"2,1 g"},{"key":"Kohlenhydrate","value":"19,5 g"},{"key":"Kohlenhydrate, davon Zucker","value":"17,5 g"},{"key":"Eiweiß","value":"2,9 g"},{"key":"Salz","value":"0,13 g"}],"tags":[]},
    {"url":"https://www.interspar.at/shop/lebensmittel/p/1634662","data":[{"key":"price","value":"1,19 €"},{"key":"oldPrice","value":"\n\t\t\t\t\t\n\t\t\t\t\t \n\t\t\t\t"},{"key":"pricePerUnit","value":"(1.19 €/l)"},{"key":"productDetailsName","value":"SPAR free from - Vollmilch 3,5% länger frisch - 1 L"},{"key":"detailsDescription","value":"1 L"},{"key":"articleNumber","value":"Artikelnummer: 1634662"},{"key":"Lagerhinweis:","value":["Vor und nach dem Öffnen gekühlt lagern. Nach dem Öffnen innerhalb von 3 Tagen verbrauchen."]},{"key":"Zutaten:","value":["Zutaten: VOLLMILCH. In Großbuchstaben angegebene Zutaten enthalten allergene Inhaltsstoffe."]},{"key":"Allergene:","value":["Enthält:Milch und daraus gewonnene Erzeugnisse (inkl. Laktose)"]},{"key":"","value":["Mit Calcium"]},{"key":"","value":["Laktosefrei"]},{"key":"Identitätskennzeichen:","value":["AT 20130 EG"]},{"key":"Ursprungsland/Herkunftsort:","value":["Qualität aus Österreich"]},{"key":"Verbrauchen nach dem Öffnen:","value":["3 Tage"]},{"key":"Kontakt:","value":["SPAR Österr. Warenhandels-AG","Europastraße 3, 5015 Salzburg, Österreich"]}],"nutritions":[{"key":"","value":"Unzubereitet"},{"key":" ","value":"100 ml"},{"key":"Energie","value":"267 kJ | 64 kcal"},{"key":"Fett","value":"3,5 g"},{"key":"Fett, davon gesättigte Fettsäuren","value":"2,5 g"},{"key":"Kohlenhydrate","value":"4,8 g"},{"key":"Kohlenhydrate, davon Zucker","value":"4,8 g"},{"key":"Ballaststoffe","value":"0 g"},{"key":"Eiweiß","value":"3,3 g"},{"key":"Salz","value":"0,13 g"},{"key":"Kalzium","value":"120 mg | 15 %"},{"key":"Broteinheiten","value":"0,4 BE"},{"key":"Laktose","value":"< 0,1 g"},{"key":"","value":"Unzubereitet"},{"key":" ","value":"Portion (250 ml)"},{"key":"Energie","value":"668 kJ | 160 kcal"},{"key":"Fett","value":"8,8 g"},{"key":"Fett, davon gesättigte Fettsäuren","value":"6,3 g"},{"key":"Kohlenhydrate","value":"12 g"},{"key":"Kohlenhydrate, davon Zucker","value":"12 g"},{"key":"Ballaststoffe","value":"0 g"},{"key":"Eiweiß","value":"8,3 g"},{"key":"Salz","value":"0,33 g"},{"key":"Kalzium","value":"300 mg | 15 %"},{"key":"Broteinheiten","value":"1 BE"},{"key":"Laktose","value":"< 0,1 g"}],"tags":["Lactosefrei"]},
    {"url":"https://www.interspar.at/shop/lebensmittel/p/2020001083206","data":[{"key":"price","value":"1,05 €"},{"key":"oldPrice","value":"\n\t\t\t\t\t\n\t\t\t\t\t \n\t\t\t\t"},{"key":"pricePerUnit","value":"(1.40 €/l)"},{"key":"productDetailsName","value":"Schärdinger Meine Linie - Meine Leichte Milch - 0,75 L"},{"key":"detailsDescription","value":"0,75 L"},{"key":"articleNumber","value":"Artikelnummer: 2020001083206"},{"key":"Lagerhinweis:","value":["Gekühlt bis +6°C lagern. Nach dem Aufmachen innerhalb weniger Tage verbrauchen."]},{"key":"Zutaten:","value":["Zutaten: entrahmte laktosefreie MILCH, MILCHEIWEISS laktosefrei. In Großbuchstaben angegebene Zutaten enthalten allergene Inhaltsstoffe."]},{"key":"Allergene:","value":["Enthält:Milch und daraus gewonnene Erzeugnisse (inkl. Laktose)"]},{"key":"","value":["Laktosefrei"]},{"key":"Identitätskennzeichen:","value":["AT 20141 EG"]},{"key":"Kontakt:","value":["Berglandmilch eGen","Schubertstraße 30, 4600 Wels, Österreich"]}],"nutritions":[{"key":"","value":"Unzubereitet"},{"key":" ","value":"100 ml"},{"key":"Energie","value":"169 kJ | 40 kcal"},{"key":"Fett","value":"0,5 g"},{"key":"Fett, davon gesättigte Fettsäuren","value":"0,3 g"},{"key":"Kohlenhydrate","value":"4,8 g"},{"key":"Kohlenhydrate, davon Zucker","value":"4,8 g"},{"key":"Eiweiß","value":"4 g"},{"key":"Salz","value":"0,13 g"}],"tags":["Lactosefrei"]},
    {"url":"https://www.interspar.at/shop/lebensmittel/p/2020001992829","data":[{"key":"price","value":"0,99 €"},{"key":"oldPrice","value":"\n\t\t\t\t\t\n\t\t\t\t\t \n\t\t\t\t"},{"key":"pricePerUnit","value":"(5.50 €/kg)"},{"key":"productDetailsName","value":"Danone - Traumhafte Schoko-Banane - 180 G"},{"key":"detailsDescription","value":"180 G"},{"key":"articleNumber","value":"Artikelnummer: 2020001992829"},{"key":"Lagerhinweis:","value":["Bei maximal +8 °C lagern."]},{"key":"Zutaten:","value":["Zutaten: 41% MAGERTOPFEN, 29% RAHMJOGHURT, Zucker, Glucose-Fructosesirup, 4,5% Bananen, 2,7% Schokoladensplits (Kakaomasse mind. 35%, Kakaobutter, Zucker), Schokoladenpulver, MOLKENPROTEINE, modifizierte Maisstärke, Speisegelatine, Farbstoff: Beta-Carotin, Aroma. Kann EI, glutenhaltiges Getreide und Schalenfrüchte enthalten. In Großbuchstaben angegebene Zutaten enthalten allergene Inhaltstoffe."]},{"key":"Allergene:","value":["Kann Spuren enthalten von:Eier und daraus gewonnene Erzeugnisse, Glutenhaltiges Getreide und daraus hergestellte Erzeugnisse, Schalenfrüchte und daraus gewonnene Erzeugnisse","Enthält:Milch und daraus gewonnene Erzeugnisse (inkl. Laktose)"]},{"key":"Zubereitung:","value":["Verzehrfertig"]},{"key":"Identitätskennzeichen:","value":["DE BY-119 EG"]},{"key":"Kontakt:","value":["Danone GmbH","Technologiestraße 10, 1120 Wien, Österreich","+43 (0)1 / 211 57-207"]}],"nutritions":[{"key":"","value":"Unzubereitet"},{"key":" ","value":"100 g"},{"key":"Energie","value":"604 kJ | 144 kcal"},{"key":"Fett","value":"5 g"},{"key":"Fett, davon gesättigte Fettsäuren","value":"3,2 g"},{"key":"Kohlenhydrate","value":"18,7 g"},{"key":"Kohlenhydrate, davon Zucker","value":"17,6 g"},{"key":"Eiweiß","value":"5,7 g"},{"key":"Salz","value":"0,11 g"},{"key":"","value":"Unzubereitet"},{"key":" ","value":"Portion (180 g)"},{"key":"Energie","value":"1087 kJ | 259 kcal | 13 %"},{"key":"Fett","value":"9 g | 13 %"},{"key":"Fett, davon gesättigte Fettsäuren","value":"5,8 g | 29 %"},{"key":"Kohlenhydrate","value":"33,7 g | 13 %"},{"key":"Kohlenhydrate, davon Zucker","value":"31,7 g | 35 %"},{"key":"Eiweiß","value":"10,3 g | 21 %"},{"key":"Salz","value":"0,2 g | 3 %"}],"tags":[]},
    {"url":"https://www.interspar.at/shop/lebensmittel/p/2020002031497","data":[{"key":"price","value":"1,89 €"},{"key":"oldPrice","value":"\n\t\t\t\t\t\n\t\t\t\t\t \n\t\t\t\t"},{"key":"pricePerUnit","value":"(4.73 €/kg)"},{"key":"productDetailsName","value":"Danone Fruchtzwerge - Erdbeere/Banane/Pfirsich-Birne 8x50g - 400 G"},{"key":"detailsDescription","value":"400 G"},{"key":"articleNumber","value":"Artikelnummer: 2020002031497"},{"key":"Lagerhinweis:","value":["Bei maximal +8 °C lagern."]},{"key":"Zutaten:","value":["Zutaten: FRISCHKÄSE, RAHM, Zucker, 6% Erdbeeren1, 6% Banane2, 3% Pfirsich3, 3% Birne3, färbende Konzentrate Schwarze Karotte1 und Kürbis1, Calciumcitrat, natürliches Aroma, Vitamin D. 1bei Sorte Erdbeere, 2bei Sorte Banane, 3bei Sorte Pfirsich-Birne. Enthält MILCH. In Großbuchstaben angegebene Zutaten enthalten allergene Inhaltstoffe."]},{"key":"Allergene:","value":["Enthält:Milch und daraus gewonnene Erzeugnisse (inkl. Laktose)"]},{"key":"","value":["Ohne Konservierungsstoffe. Ohne künstliche Farbstoffe."]},{"key":"Zubereitung:","value":["VerzehrfertigVerzehrfertig"]},{"key":"Identitätskennzeichen:","value":["PL 24141601 EG"]},{"key":"Kontakt:","value":["Danone GmbH","Technologiestraße 10, 1120 Wien, Österreich","+43 (0)1 / 211 57-207"]}],"nutritions":[{"key":"","value":"Unzubereitet"},{"key":" ","value":"100 g"},{"key":"Energie","value":"428 kJ | 102 kcal"},{"key":"Fett","value":"2,9 g"},{"key":"Fett, davon gesättigte Fettsäuren","value":"1,9 g"},{"key":"Kohlenhydrate","value":"12,4 g"},{"key":"Kohlenhydrate, davon Zucker","value":"11,8 g"},{"key":"Eiweiß","value":"6,4 g"},{"key":"Salz","value":"0,09 g"},{"key":"Vitamin D","value":"1,25 µg | 25 %"},{"key":"Kalzium","value":"180 mg | 23 %"}],"tags":["Glutenfrei","immer Billig"]},
    {"url":"https://www.interspar.at/shop/lebensmittel/p/2869094","data":[{"key":"price","value":"1,99 €"},{"key":"oldPrice","value":"\n\t\t\t\t\t\n\t\t\t\t\t \n\t\t\t\t"},{"key":"pricePerUnit","value":"(4.98 €/kg)"},{"key":"productDetailsName","value":"Danone Fruchtzwerge - Maxi Erdbeer, Aprikose 4 x 100g - 400 G"},{"key":"detailsDescription","value":"400 G"},{"key":"articleNumber","value":"Artikelnummer: 2869094"},{"key":"Lagerhinweis:","value":["Kühl bei maximal + 8°C lagern."]},{"key":"Zutaten:","value":["Zutaten: FRISCHKÄSE, Zucker, RAHM, Früchte (Erdbeere, Aprikose), färbendes Saftkonzentrat (Rote Beete), Calciumcitrate, natürliches Aroma, Vitamin D. In Großbuchstaben angegebene Zutaten enthalten allergene Inhaltsstoffe."]},{"key":"Allergene:","value":["Enthält:Milch und daraus gewonnene Erzeugnisse (inkl. Laktose)"]},{"key":"Identitätskennzeichen:","value":["DE-MV-001-EG"]},{"key":"Kontakt:","value":["Danone GmbH","Technologiestraße 10, 1120 Wien, Österreich"]}],"nutritions":[{"key":"","value":"Unzubereitet"},{"key":" ","value":"100 g"},{"key":"Energie","value":"441 kJ | 105 kcal | 5 %"},{"key":"Fett","value":"2,9 g | 4 %"},{"key":"Fett, davon gesättigte Fettsäuren","value":"1,9 g | 10 %"},{"key":"Kohlenhydrate","value":"13 g | 5 %"},{"key":"Kohlenhydrate, davon Zucker","value":"12,8 g | 14 %"},{"key":"Eiweiß","value":"6,6 g | 13 %"},{"key":"Salz","value":"0,08 g | 1 %"},{"key":"Vitamin D","value":"1,25 µg | 25 %"},{"key":"Kalzium","value":"120 mg | 15 %"}],"tags":["Glutenfrei"]},
    {"url":"https://www.interspar.at/shop/lebensmittel/p/353748","data":[{"key":"price","value":"1,29 €"},{"key":"oldPrice","value":"\n\t\t\t\t\t\n\t\t\t\t\tstatt 1,69 €\n\t\t\t\t"},{"key":"pricePerUnit","value":"(4.30 €/kg)"},{"key":"productDetailsName","value":"Danone Fruchtzwerge - Banane, Erdbeere, Marille 6 x 50g - 300 G"},{"key":"detailsDescription","value":"300 G"},{"key":"articleNumber","value":"Artikelnummer: 353748"},{"key":"Lagerhinweis:","value":["Kühl bei maximal + 8°C lagern."]},{"key":"Zutaten:","value":["Zutaten: FRISCHKÄSE, Zucker, RAHM, Erdbeeren, Bananen, Aprikosen, färbendes Saftkonzentrat (Rote Beete), Calciumcitrate, natürliches Aroma, Vitamin D. In Großbuchstaben angegebene Zutaten enthalten allergene Inhaltsstoffe."]},{"key":"Allergene:","value":["Enthält:Milch und daraus gewonnene Erzeugnisse (inkl. Laktose)"]},{"key":"Identitätskennzeichen:","value":["DE-MV-001-EG"]},{"key":"Kontakt:","value":["Danone GmbH","Technologiestraße 10, 1120 Wien, Österreich"]}],"nutritions":[{"key":"","value":"Unzubereitet"},{"key":" ","value":"100 g"},{"key":"Energie","value":"441 kJ | 105 kcal | 5 %"},{"key":"Fett","value":"2,9 g | 4 %"},{"key":"Fett, davon gesättigte Fettsäuren","value":"1,9 g | 10 %"},{"key":"Kohlenhydrate","value":"13 g | 5 %"},{"key":"Kohlenhydrate, davon Zucker","value":"12,8 g | 14 %"},{"key":"Eiweiß","value":"6,6 g | 13 %"},{"key":"Salz","value":"0,08 g | 1 %"},{"key":"Vitamin D","value":"1,25 µg | 25 %"},{"key":"Kalzium","value":"120 mg | 15 %"}],"tags":["Glutenfrei"]},
    {"url":"https://www.interspar.at/shop/lebensmittel/p/353779","data":[{"key":"price","value":"1,29 €"},{"key":"oldPrice","value":"\n\t\t\t\t\t\n\t\t\t\t\tstatt 1,69 €\n\t\t\t\t"},{"key":"pricePerUnit","value":"(4.30 €/kg)"},{"key":"productDetailsName","value":"Danone Fruchtzwerge - Erdbeer, Kirsche, Himbeer 6 x 50g - 300 G"},{"key":"detailsDescription","value":"300 G"},{"key":"articleNumber","value":"Artikelnummer: 353779"},{"key":"Lagerhinweis:","value":["Kühl bei maximal +8°C lagern."]},{"key":"Zutaten:","value":["Zutaten: FRISCHKÄSE, Zucker, RAHM, Erdbeeren, Kirsche, Himbeeren, färbende Saftkonzentrate (Rote Beete, Traube, Holunder), Calciumcitrate, natürliches Aroma, Vitamin D. In Großbuchstaben angegebene Zutaten enthalten allergene Inhaltsstoffe."]},{"key":"Allergene:","value":["Enthält:Milch und daraus gewonnene Erzeugnisse (inkl. Laktose)"]},{"key":"Identitätskennzeichen:","value":["DE-MV-001-EG"]},{"key":"Kontakt:","value":["Danone GmbH","Technologiestraße 10, 1120 Wien, Österreich"]}],"nutritions":[{"key":"","value":"Unzubereitet"},{"key":" ","value":"100 g"},{"key":"Energie","value":"441 kJ | 105 kcal | 5 %"},{"key":"Fett","value":"2,9 g | 4 %"},{"key":"Fett, davon gesättigte Fettsäuren","value":"1,9 g | 10 %"},{"key":"Kohlenhydrate","value":"13 g | 5 %"},{"key":"Kohlenhydrate, davon Zucker","value":"12,8 g | 14 %"},{"key":"Eiweiß","value":"6,6 g | 13 %"},{"key":"Salz","value":"0,08 g | 1 %"},{"key":"Vitamin D","value":"1,25 µg | 25 %"},{"key":"Kalzium","value":"120 mg | 15 %"}],"tags":["Glutenfrei"]},
    {"url":"https://www.interspar.at/shop/lebensmittel/p/4272304","data":[{"key":"price","value":"0,99 €"},{"key":"oldPrice","value":"\n\t\t\t\t\t\n\t\t\t\t\t \n\t\t\t\t"},{"key":"pricePerUnit","value":"(5.50 €/kg)"},{"key":"productDetailsName","value":"Danone - Topfencreme Stracciatella - 180 G"},{"key":"detailsDescription","value":"180 G"},{"key":"articleNumber","value":"Artikelnummer: 4272304"},{"key":"Lagerhinweis:","value":["Kühl bei maximal +8°C lagern."]},{"key":"Zutaten:","value":["Zutaten: 41% MAGERTOPFEN, 31% RAHMJOGHURT, Zucker, Glucose-Fructosesirup, MOLKENPROEINE, Schokoladensplitter 2% (Kakaomasse, Kakaobutter, Zucker), modifizierte Stärke, Speisegelatine, Aroma. In Großbuchstaben angegebene Zutaten enthalten allergene Inhaltsstoffe."]},{"key":"Allergene:","value":["Enthält:Milch und daraus gewonnene Erzeugnisse (inkl. Laktose)"]},{"key":"Identitätskennzeichen:","value":["DE BY-119 EG"]},{"key":"Kontakt:","value":["Danone GmbH","Technologiestraße 10, 1120 Wien, Österreich"]}],"nutritions":[{"key":"","value":"Unzubereitet"},{"key":" ","value":"100 g"},{"key":"Energie","value":"563 kJ | 134 kcal | 7 %"},{"key":"Fett","value":"4,3 g | 6 %"},{"key":"Fett, davon gesättigte Fettsäuren","value":"2,8 g | 14 %"},{"key":"Kohlenhydrate","value":"18 g | 7 %"},{"key":"Kohlenhydrate, davon Zucker","value":"16,8 g | 19 %"},{"key":"Eiweiß","value":"5,6 g | 11 %"},{"key":"Salz","value":"0,1 g | 2 %"}],"tags":[]},
    {"url":"https://www.interspar.at/shop/lebensmittel/p/4286318","data":[{"key":"price","value":"0,75 €"},{"key":"oldPrice","value":"\n\t\t\t\t\t\n\t\t\t\t\t \n\t\t\t\t"},{"key":"pricePerUnit","value":"(3.75 €/l)"},{"key":"productDetailsName","value":"Schärdinger Formil - H-Schlagobers - 200 ML"},{"key":"detailsDescription","value":"200 ML"},{"key":"articleNumber","value":"Artikelnummer: 4286318"},{"key":"Lagerhinweis:","value":["Ungeöffnet ungekühlt lagerfähig. Nach dem Öffnen gekühlt bei 3-6°C aufbewahren und innerhalb weniger Tage verbrauchen."]},{"key":"Zutaten:","value":["Zutaten: SCHLAGOBERS 32%, Stabilisator: Carrageen. In Großbuchstaben angegebene Zutaten enthalten allergene Inhaltsstoffe."]},{"key":"Allergene:","value":["Enthält:Milch und daraus gewonnene Erzeugnisse (inkl. Laktose)"]},{"key":"Identitätskennzeichen:","value":["AT 30751 EG"]},{"key":"Verwendungshinweis:","value":["Optimal schlagbar, wenn mindestens 24 Stunden im Kühlschrank gelagert."]},{"key":"Kontakt:","value":["Berglandmilch eGen","Schubertstrasse 30, 4600 Wels, Österreich"]}],"nutritions":[{"key":"","value":"Unzubereitet"},{"key":" ","value":"100 ml"},{"key":"Energie","value":"1276 kJ | 310 kcal"},{"key":"Fett","value":"32 g"},{"key":"Fett, davon gesättigte Fettsäuren","value":"21 g"},{"key":"Kohlenhydrate","value":"3,1 g"},{"key":"Kohlenhydrate, davon Zucker","value":"3,1 g"},{"key":"Eiweiß","value":"2,3 g"},{"key":"Salz","value":"0,08 g"}],"tags":[]},
    {"url":"https://www.interspar.at/shop/lebensmittel/p/4620105","data":[{"key":"price","value":"0,99 €"},{"key":"oldPrice","value":"\n\t\t\t\t\t\n\t\t\t\t\t \n\t\t\t\t"},{"key":"pricePerUnit","value":"(5.50 €/kg)"},{"key":"productDetailsName","value":"Danone - Topfencreme Erdbeer - 180 G"},{"key":"detailsDescription","value":"180 G"},{"key":"articleNumber","value":"Artikelnummer: 4620105"},{"key":"Lagerhinweis:","value":["Kühl bei maximal +8°C lagern."]},{"key":"Zutaten:","value":["Zutaten: 41% MAGERTOPFEN, 31% RAHMJOGHURT, 9% Erdbeeren, Zucker, Glucose-Fructosesirup, MOLKENPROTEINE, modifizierte Stärke, Speisegelatine, färbende Saftkonzentrate (Aronia und schwarze Karotte), Aroma. In Großbuchstaben angegebene Zutaten enthalten allergene Inhaltsstoffe."]},{"key":"Allergene:","value":["Enthält:Milch und daraus gewonnene Erzeugnisse (inkl. Laktose)"]},{"key":"Identitätskennzeichen:","value":["DE BY-119 EG"]},{"key":"Kontakt:","value":["Danone GmbH","Technologiestraße 10, 1120 Wien, Österreich"]}],"nutritions":[{"key":"","value":"Unzubereitet"},{"key":" ","value":"100 g"},{"key":"Energie","value":"464 kJ | 110 kcal | 6 %"},{"key":"Fett","value":"3 g | 4 %"},{"key":"Fett, davon gesättigte Fettsäuren","value":"1,9 g | 10 %"},{"key":"Kohlenhydrate","value":"15 g | 6 %"},{"key":"Kohlenhydrate, davon Zucker","value":"13,8 g | 15 %"},{"key":"Eiweiß","value":"5,6 g | 11 %"},{"key":"Salz","value":"0,1 g | 2 %"}],"tags":[]},
    {"url":"https://www.interspar.at/shop/lebensmittel/p/5281282","data":[{"key":"price","value":"0,99 €"},{"key":"oldPrice","value":"\n\t\t\t\t\t\n\t\t\t\t\t \n\t\t\t\t"},{"key":"pricePerUnit","value":"(5.50 €/kg)"},{"key":"productDetailsName","value":"Danone - Topfencreme Exotic - 180 G"},{"key":"detailsDescription","value":"180 G"},{"key":"articleNumber","value":"Artikelnummer: 5281282"},{"key":"Lagerhinweis:","value":["Kühl bei maximal + 8 °C lagern."]},{"key":"Zutaten:","value":["Zutaten: 41% MAGERTOPFEN, 31% RAHMJOGHURT, Glucose-Fructosesirup, Zucker, 3,6% Bananen, 3,6% Kiwi, 3,6% Mango, MOLKENPROTEINE, modifizierte Stärke, Speisegelatine, Aroma, Farbstoff Kupferkomplexe der Chlorophylle. In Großbuchstaben angegebene Zutaten enthalten allergene Inhaltsstoffe."]},{"key":"Allergene:","value":["Enthält:Milch und daraus gewonnene Erzeugnisse (inkl. Laktose)"]},{"key":"Identitätskennzeichen:","value":["DE BY-119 EG"]},{"key":"Kontakt:","value":["Danone GmbH","Technologiestraße 10, 1120 Wien, Österreich"]}],"nutritions":[{"key":"","value":"Unzubereitet"},{"key":" ","value":"100 g"},{"key":"Energie","value":"490 kJ | 116 kcal | 6 %"},{"key":"Fett","value":"3 g | 4 %"},{"key":"Fett, davon gesättigte Fettsäuren","value":"1,9 g | 10 %"},{"key":"Kohlenhydrate","value":"16,3 g | 6 %"},{"key":"Kohlenhydrate, davon Zucker","value":"15,1 g | 17 %"},{"key":"Eiweiß","value":"5,6 g | 11 %"},{"key":"Salz","value":"0,1 g | 2 %"}],"tags":[]},
    {"url":"https://www.interspar.at/shop/lebensmittel/p/1144895","data":[{"key":"price","value":"0,99 €"},{"key":"oldPrice","value":"\n\t\t\t\t\t\n\t\t\t\t\t \n\t\t\t\t"},{"key":"pricePerUnit","value":"(7.33 €/kg)"},{"key":"productDetailsName","value":"Ehrmann Monsterbacke - Himbeere mit Knister - 135 G"},{"key":"detailsDescription","value":"135 G"},{"key":"articleNumber","value":"Artikelnummer: 1144895"},{"key":"Lagerhinweis:","value":["Bei maximal + 8 °C lagern."]},{"key":"Zutaten:","value":["Zutaten: 66 % JOGHURT mild, Himbeerzubereitung (Himbeerpüree, Zucker, Wasser, modifizierte Stärke, färbendes Karottenkonzentrat, natürliches Aroma), Knisterzucker (Zucker, Glukose, Überzugsmittel: Kakaobutter, Kohlendioxid, LAKTOSE, natürliches Aroma, Farbstoffe: Echtes Karmin, Brilliantblau FCF, Kupferhaltige Komplexe der Chlorophylle und Chlorophylline; Zucker, modifizierte Stärke, Speisegelatine, MILCHEIWEISS. In Großbuchstaben angegebene Zutaten enthalten allergene Inhaltsstoffe."]},{"key":"Allergene:","value":["Kann Spuren enthalten von:Eier und daraus gewonnene Erzeugnisse, Glutenhaltiges Getreide und daraus hergestellte Erzeugnisse, Lupinen und daraus gewonnene Erzeugnisse, Schalenfrüchte und daraus gewonnene Erzeugnisse, Sojabohnen und daraus gewonnene Erzeugnisse","Enthält:Milch und daraus gewonnene Erzeugnisse (inkl. Laktose)"]},{"key":"Identitätskennzeichen:","value":["DE BY 77727 EG"]},{"key":"Zusatztext:","value":["Füllhöhe technisch bedingt."]},{"key":"Kontakt:","value":["Ehrmann AG","Hauptstraße 19, 87770 Oberschönegg, Deutschland"]}],"nutritions":[{"key":"","value":"Unzubereitet"},{"key":" ","value":"100 g"},{"key":"Energie","value":"499 kJ | 118 kcal"},{"key":"Fett","value":"3,2 g"},{"key":"Fett, davon gesättigte Fettsäuren","value":"2,1 g"},{"key":"Kohlenhydrate","value":"19,5 g"},{"key":"Kohlenhydrate, davon Zucker","value":"17,5 g"},{"key":"Eiweiß","value":"2,9 g"},{"key":"Salz","value":"0,13 g"}],"tags":[]},
    {"url":"https://www.interspar.at/shop/lebensmittel/p/1634662","data":[{"key":"price","value":"1,19 €"},{"key":"oldPrice","value":"\n\t\t\t\t\t\n\t\t\t\t\t \n\t\t\t\t"},{"key":"pricePerUnit","value":"(1.19 €/l)"},{"key":"productDetailsName","value":"SPAR free from - Vollmilch 3,5% länger frisch - 1 L"},{"key":"detailsDescription","value":"1 L"},{"key":"articleNumber","value":"Artikelnummer: 1634662"},{"key":"Lagerhinweis:","value":["Vor und nach dem Öffnen gekühlt lagern. Nach dem Öffnen innerhalb von 3 Tagen verbrauchen."]},{"key":"Zutaten:","value":["Zutaten: VOLLMILCH. In Großbuchstaben angegebene Zutaten enthalten allergene Inhaltsstoffe."]},{"key":"Allergene:","value":["Enthält:Milch und daraus gewonnene Erzeugnisse (inkl. Laktose)"]},{"key":"","value":["Mit Calcium"]},{"key":"","value":["Laktosefrei"]},{"key":"Identitätskennzeichen:","value":["AT 20130 EG"]},{"key":"Ursprungsland/Herkunftsort:","value":["Qualität aus Österreich"]},{"key":"Verbrauchen nach dem Öffnen:","value":["3 Tage"]},{"key":"Kontakt:","value":["SPAR Österr. Warenhandels-AG","Europastraße 3, 5015 Salzburg, Österreich"]}],"nutritions":[{"key":"","value":"Unzubereitet"},{"key":" ","value":"100 ml"},{"key":"Energie","value":"267 kJ | 64 kcal"},{"key":"Fett","value":"3,5 g"},{"key":"Fett, davon gesättigte Fettsäuren","value":"2,5 g"},{"key":"Kohlenhydrate","value":"4,8 g"},{"key":"Kohlenhydrate, davon Zucker","value":"4,8 g"},{"key":"Ballaststoffe","value":"0 g"},{"key":"Eiweiß","value":"3,3 g"},{"key":"Salz","value":"0,13 g"},{"key":"Kalzium","value":"120 mg | 15 %"},{"key":"Broteinheiten","value":"0,4 BE"},{"key":"Laktose","value":"< 0,1 g"},{"key":"","value":"Unzubereitet"},{"key":" ","value":"Portion (250 ml)"},{"key":"Energie","value":"668 kJ | 160 kcal"},{"key":"Fett","value":"8,8 g"},{"key":"Fett, davon gesättigte Fettsäuren","value":"6,3 g"},{"key":"Kohlenhydrate","value":"12 g"},{"key":"Kohlenhydrate, davon Zucker","value":"12 g"},{"key":"Ballaststoffe","value":"0 g"},{"key":"Eiweiß","value":"8,3 g"},{"key":"Salz","value":"0,33 g"},{"key":"Kalzium","value":"300 mg | 15 %"},{"key":"Broteinheiten","value":"1 BE"},{"key":"Laktose","value":"< 0,1 g"}],"tags":["Lactosefrei"]},
    {"url":"https://www.interspar.at/shop/lebensmittel/p/2020001083206","data":[{"key":"price","value":"1,05 €"},{"key":"oldPrice","value":"\n\t\t\t\t\t\n\t\t\t\t\t \n\t\t\t\t"},{"key":"pricePerUnit","value":"(1.40 €/l)"},{"key":"productDetailsName","value":"Schärdinger Meine Linie - Meine Leichte Milch - 0,75 L"},{"key":"detailsDescription","value":"0,75 L"},{"key":"articleNumber","value":"Artikelnummer: 2020001083206"},{"key":"Lagerhinweis:","value":["Gekühlt bis +6°C lagern. Nach dem Aufmachen innerhalb weniger Tage verbrauchen."]},{"key":"Zutaten:","value":["Zutaten: entrahmte laktosefreie MILCH, MILCHEIWEISS laktosefrei. In Großbuchstaben angegebene Zutaten enthalten allergene Inhaltsstoffe."]},{"key":"Allergene:","value":["Enthält:Milch und daraus gewonnene Erzeugnisse (inkl. Laktose)"]},{"key":"","value":["Laktosefrei"]},{"key":"Identitätskennzeichen:","value":["AT 20141 EG"]},{"key":"Kontakt:","value":["Berglandmilch eGen","Schubertstraße 30, 4600 Wels, Österreich"]}],"nutritions":[{"key":"","value":"Unzubereitet"},{"key":" ","value":"100 ml"},{"key":"Energie","value":"169 kJ | 40 kcal"},{"key":"Fett","value":"0,5 g"},{"key":"Fett, davon gesättigte Fettsäuren","value":"0,3 g"},{"key":"Kohlenhydrate","value":"4,8 g"},{"key":"Kohlenhydrate, davon Zucker","value":"4,8 g"},{"key":"Eiweiß","value":"4 g"},{"key":"Salz","value":"0,13 g"}],"tags":["Lactosefrei"]},
    {"url":"https://www.interspar.at/shop/lebensmittel/p/2020001992829","data":[{"key":"price","value":"0,99 €"},{"key":"oldPrice","value":"\n\t\t\t\t\t\n\t\t\t\t\t \n\t\t\t\t"},{"key":"pricePerUnit","value":"(5.50 €/kg)"},{"key":"productDetailsName","value":"Danone - Traumhafte Schoko-Banane - 180 G"},{"key":"detailsDescription","value":"180 G"},{"key":"articleNumber","value":"Artikelnummer: 2020001992829"},{"key":"Lagerhinweis:","value":["Bei maximal +8 °C lagern."]},{"key":"Zutaten:","value":["Zutaten: 41% MAGERTOPFEN, 29% RAHMJOGHURT, Zucker, Glucose-Fructosesirup, 4,5% Bananen, 2,7% Schokoladensplits (Kakaomasse mind. 35%, Kakaobutter, Zucker), Schokoladenpulver, MOLKENPROTEINE, modifizierte Maisstärke, Speisegelatine, Farbstoff: Beta-Carotin, Aroma. Kann EI, glutenhaltiges Getreide und Schalenfrüchte enthalten. In Großbuchstaben angegebene Zutaten enthalten allergene Inhaltstoffe."]},{"key":"Allergene:","value":["Kann Spuren enthalten von:Eier und daraus gewonnene Erzeugnisse, Glutenhaltiges Getreide und daraus hergestellte Erzeugnisse, Schalenfrüchte und daraus gewonnene Erzeugnisse","Enthält:Milch und daraus gewonnene Erzeugnisse (inkl. Laktose)"]},{"key":"Zubereitung:","value":["Verzehrfertig"]},{"key":"Identitätskennzeichen:","value":["DE BY-119 EG"]},{"key":"Kontakt:","value":["Danone GmbH","Technologiestraße 10, 1120 Wien, Österreich","+43 (0)1 / 211 57-207"]}],"nutritions":[{"key":"","value":"Unzubereitet"},{"key":" ","value":"100 g"},{"key":"Energie","value":"604 kJ | 144 kcal"},{"key":"Fett","value":"5 g"},{"key":"Fett, davon gesättigte Fettsäuren","value":"3,2 g"},{"key":"Kohlenhydrate","value":"18,7 g"},{"key":"Kohlenhydrate, davon Zucker","value":"17,6 g"},{"key":"Eiweiß","value":"5,7 g"},{"key":"Salz","value":"0,11 g"},{"key":"","value":"Unzubereitet"},{"key":" ","value":"Portion (180 g)"},{"key":"Energie","value":"1087 kJ | 259 kcal | 13 %"},{"key":"Fett","value":"9 g | 13 %"},{"key":"Fett, davon gesättigte Fettsäuren","value":"5,8 g | 29 %"},{"key":"Kohlenhydrate","value":"33,7 g | 13 %"},{"key":"Kohlenhydrate, davon Zucker","value":"31,7 g | 35 %"},{"key":"Eiweiß","value":"10,3 g | 21 %"},{"key":"Salz","value":"0,2 g | 3 %"}],"tags":[]},
    {"url":"https://www.interspar.at/shop/lebensmittel/p/2020002031497","data":[{"key":"price","value":"1,89 €"},{"key":"oldPrice","value":"\n\t\t\t\t\t\n\t\t\t\t\t \n\t\t\t\t"},{"key":"pricePerUnit","value":"(4.73 €/kg)"},{"key":"productDetailsName","value":"Danone Fruchtzwerge - Erdbeere/Banane/Pfirsich-Birne 8x50g - 400 G"},{"key":"detailsDescription","value":"400 G"},{"key":"articleNumber","value":"Artikelnummer: 2020002031497"},{"key":"Lagerhinweis:","value":["Bei maximal +8 °C lagern."]},{"key":"Zutaten:","value":["Zutaten: FRISCHKÄSE, RAHM, Zucker, 6% Erdbeeren1, 6% Banane2, 3% Pfirsich3, 3% Birne3, färbende Konzentrate Schwarze Karotte1 und Kürbis1, Calciumcitrat, natürliches Aroma, Vitamin D. 1bei Sorte Erdbeere, 2bei Sorte Banane, 3bei Sorte Pfirsich-Birne. Enthält MILCH. In Großbuchstaben angegebene Zutaten enthalten allergene Inhaltstoffe."]},{"key":"Allergene:","value":["Enthält:Milch und daraus gewonnene Erzeugnisse (inkl. Laktose)"]},{"key":"","value":["Ohne Konservierungsstoffe. Ohne künstliche Farbstoffe."]},{"key":"Zubereitung:","value":["VerzehrfertigVerzehrfertig"]},{"key":"Identitätskennzeichen:","value":["PL 24141601 EG"]},{"key":"Kontakt:","value":["Danone GmbH","Technologiestraße 10, 1120 Wien, Österreich","+43 (0)1 / 211 57-207"]}],"nutritions":[{"key":"","value":"Unzubereitet"},{"key":" ","value":"100 g"},{"key":"Energie","value":"428 kJ | 102 kcal"},{"key":"Fett","value":"2,9 g"},{"key":"Fett, davon gesättigte Fettsäuren","value":"1,9 g"},{"key":"Kohlenhydrate","value":"12,4 g"},{"key":"Kohlenhydrate, davon Zucker","value":"11,8 g"},{"key":"Eiweiß","value":"6,4 g"},{"key":"Salz","value":"0,09 g"},{"key":"Vitamin D","value":"1,25 µg | 25 %"},{"key":"Kalzium","value":"180 mg | 23 %"}],"tags":["Glutenfrei","immer Billig"]},
    {"url":"https://www.interspar.at/shop/lebensmittel/p/2869094","data":[{"key":"price","value":"1,99 €"},{"key":"oldPrice","value":"\n\t\t\t\t\t\n\t\t\t\t\t \n\t\t\t\t"},{"key":"pricePerUnit","value":"(4.98 €/kg)"},{"key":"productDetailsName","value":"Danone Fruchtzwerge - Maxi Erdbeer, Aprikose 4 x 100g - 400 G"},{"key":"detailsDescription","value":"400 G"},{"key":"articleNumber","value":"Artikelnummer: 2869094"},{"key":"Lagerhinweis:","value":["Kühl bei maximal + 8°C lagern."]},{"key":"Zutaten:","value":["Zutaten: FRISCHKÄSE, Zucker, RAHM, Früchte (Erdbeere, Aprikose), färbendes Saftkonzentrat (Rote Beete), Calciumcitrate, natürliches Aroma, Vitamin D. In Großbuchstaben angegebene Zutaten enthalten allergene Inhaltsstoffe."]},{"key":"Allergene:","value":["Enthält:Milch und daraus gewonnene Erzeugnisse (inkl. Laktose)"]},{"key":"Identitätskennzeichen:","value":["DE-MV-001-EG"]},{"key":"Kontakt:","value":["Danone GmbH","Technologiestraße 10, 1120 Wien, Österreich"]}],"nutritions":[{"key":"","value":"Unzubereitet"},{"key":" ","value":"100 g"},{"key":"Energie","value":"441 kJ | 105 kcal | 5 %"},{"key":"Fett","value":"2,9 g | 4 %"},{"key":"Fett, davon gesättigte Fettsäuren","value":"1,9 g | 10 %"},{"key":"Kohlenhydrate","value":"13 g | 5 %"},{"key":"Kohlenhydrate, davon Zucker","value":"12,8 g | 14 %"},{"key":"Eiweiß","value":"6,6 g | 13 %"},{"key":"Salz","value":"0,08 g | 1 %"},{"key":"Vitamin D","value":"1,25 µg | 25 %"},{"key":"Kalzium","value":"120 mg | 15 %"}],"tags":["Glutenfrei"]},
    {"url":"https://www.interspar.at/shop/lebensmittel/p/353748","data":[{"key":"price","value":"1,29 €"},{"key":"oldPrice","value":"\n\t\t\t\t\t\n\t\t\t\t\tstatt 1,69 €\n\t\t\t\t"},{"key":"pricePerUnit","value":"(4.30 €/kg)"},{"key":"productDetailsName","value":"Danone Fruchtzwerge - Banane, Erdbeere, Marille 6 x 50g - 300 G"},{"key":"detailsDescription","value":"300 G"},{"key":"articleNumber","value":"Artikelnummer: 353748"},{"key":"Lagerhinweis:","value":["Kühl bei maximal + 8°C lagern."]},{"key":"Zutaten:","value":["Zutaten: FRISCHKÄSE, Zucker, RAHM, Erdbeeren, Bananen, Aprikosen, färbendes Saftkonzentrat (Rote Beete), Calciumcitrate, natürliches Aroma, Vitamin D. In Großbuchstaben angegebene Zutaten enthalten allergene Inhaltsstoffe."]},{"key":"Allergene:","value":["Enthält:Milch und daraus gewonnene Erzeugnisse (inkl. Laktose)"]},{"key":"Identitätskennzeichen:","value":["DE-MV-001-EG"]},{"key":"Kontakt:","value":["Danone GmbH","Technologiestraße 10, 1120 Wien, Österreich"]}],"nutritions":[{"key":"","value":"Unzubereitet"},{"key":" ","value":"100 g"},{"key":"Energie","value":"441 kJ | 105 kcal | 5 %"},{"key":"Fett","value":"2,9 g | 4 %"},{"key":"Fett, davon gesättigte Fettsäuren","value":"1,9 g | 10 %"},{"key":"Kohlenhydrate","value":"13 g | 5 %"},{"key":"Kohlenhydrate, davon Zucker","value":"12,8 g | 14 %"},{"key":"Eiweiß","value":"6,6 g | 13 %"},{"key":"Salz","value":"0,08 g | 1 %"},{"key":"Vitamin D","value":"1,25 µg | 25 %"},{"key":"Kalzium","value":"120 mg | 15 %"}],"tags":["Glutenfrei"]},
    {"url":"https://www.interspar.at/shop/lebensmittel/p/353779","data":[{"key":"price","value":"1,29 €"},{"key":"oldPrice","value":"\n\t\t\t\t\t\n\t\t\t\t\tstatt 1,69 €\n\t\t\t\t"},{"key":"pricePerUnit","value":"(4.30 €/kg)"},{"key":"productDetailsName","value":"Danone Fruchtzwerge - Erdbeer, Kirsche, Himbeer 6 x 50g - 300 G"},{"key":"detailsDescription","value":"300 G"},{"key":"articleNumber","value":"Artikelnummer: 353779"},{"key":"Lagerhinweis:","value":["Kühl bei maximal +8°C lagern."]},{"key":"Zutaten:","value":["Zutaten: FRISCHKÄSE, Zucker, RAHM, Erdbeeren, Kirsche, Himbeeren, färbende Saftkonzentrate (Rote Beete, Traube, Holunder), Calciumcitrate, natürliches Aroma, Vitamin D. In Großbuchstaben angegebene Zutaten enthalten allergene Inhaltsstoffe."]},{"key":"Allergene:","value":["Enthält:Milch und daraus gewonnene Erzeugnisse (inkl. Laktose)"]},{"key":"Identitätskennzeichen:","value":["DE-MV-001-EG"]},{"key":"Kontakt:","value":["Danone GmbH","Technologiestraße 10, 1120 Wien, Österreich"]}],"nutritions":[{"key":"","value":"Unzubereitet"},{"key":" ","value":"100 g"},{"key":"Energie","value":"441 kJ | 105 kcal | 5 %"},{"key":"Fett","value":"2,9 g | 4 %"},{"key":"Fett, davon gesättigte Fettsäuren","value":"1,9 g | 10 %"},{"key":"Kohlenhydrate","value":"13 g | 5 %"},{"key":"Kohlenhydrate, davon Zucker","value":"12,8 g | 14 %"},{"key":"Eiweiß","value":"6,6 g | 13 %"},{"key":"Salz","value":"0,08 g | 1 %"},{"key":"Vitamin D","value":"1,25 µg | 25 %"},{"key":"Kalzium","value":"120 mg | 15 %"}],"tags":["Glutenfrei"]},
    {"url":"https://www.interspar.at/shop/lebensmittel/p/4272304","data":[{"key":"price","value":"0,99 €"},{"key":"oldPrice","value":"\n\t\t\t\t\t\n\t\t\t\t\t \n\t\t\t\t"},{"key":"pricePerUnit","value":"(5.50 €/kg)"},{"key":"productDetailsName","value":"Danone - Topfencreme Stracciatella - 180 G"},{"key":"detailsDescription","value":"180 G"},{"key":"articleNumber","value":"Artikelnummer: 4272304"},{"key":"Lagerhinweis:","value":["Kühl bei maximal +8°C lagern."]},{"key":"Zutaten:","value":["Zutaten: 41% MAGERTOPFEN, 31% RAHMJOGHURT, Zucker, Glucose-Fructosesirup, MOLKENPROEINE, Schokoladensplitter 2% (Kakaomasse, Kakaobutter, Zucker), modifizierte Stärke, Speisegelatine, Aroma. In Großbuchstaben angegebene Zutaten enthalten allergene Inhaltsstoffe."]},{"key":"Allergene:","value":["Enthält:Milch und daraus gewonnene Erzeugnisse (inkl. Laktose)"]},{"key":"Identitätskennzeichen:","value":["DE BY-119 EG"]},{"key":"Kontakt:","value":["Danone GmbH","Technologiestraße 10, 1120 Wien, Österreich"]}],"nutritions":[{"key":"","value":"Unzubereitet"},{"key":" ","value":"100 g"},{"key":"Energie","value":"563 kJ | 134 kcal | 7 %"},{"key":"Fett","value":"4,3 g | 6 %"},{"key":"Fett, davon gesättigte Fettsäuren","value":"2,8 g | 14 %"},{"key":"Kohlenhydrate","value":"18 g | 7 %"},{"key":"Kohlenhydrate, davon Zucker","value":"16,8 g | 19 %"},{"key":"Eiweiß","value":"5,6 g | 11 %"},{"key":"Salz","value":"0,1 g | 2 %"}],"tags":[]},
    {"url":"https://www.interspar.at/shop/lebensmittel/p/4286318","data":[{"key":"price","value":"0,75 €"},{"key":"oldPrice","value":"\n\t\t\t\t\t\n\t\t\t\t\t \n\t\t\t\t"},{"key":"pricePerUnit","value":"(3.75 €/l)"},{"key":"productDetailsName","value":"Schärdinger Formil - H-Schlagobers - 200 ML"},{"key":"detailsDescription","value":"200 ML"},{"key":"articleNumber","value":"Artikelnummer: 4286318"},{"key":"Lagerhinweis:","value":["Ungeöffnet ungekühlt lagerfähig. Nach dem Öffnen gekühlt bei 3-6°C aufbewahren und innerhalb weniger Tage verbrauchen."]},{"key":"Zutaten:","value":["Zutaten: SCHLAGOBERS 32%, Stabilisator: Carrageen. In Großbuchstaben angegebene Zutaten enthalten allergene Inhaltsstoffe."]},{"key":"Allergene:","value":["Enthält:Milch und daraus gewonnene Erzeugnisse (inkl. Laktose)"]},{"key":"Identitätskennzeichen:","value":["AT 30751 EG"]},{"key":"Verwendungshinweis:","value":["Optimal schlagbar, wenn mindestens 24 Stunden im Kühlschrank gelagert."]},{"key":"Kontakt:","value":["Berglandmilch eGen","Schubertstrasse 30, 4600 Wels, Österreich"]}],"nutritions":[{"key":"","value":"Unzubereitet"},{"key":" ","value":"100 ml"},{"key":"Energie","value":"1276 kJ | 310 kcal"},{"key":"Fett","value":"32 g"},{"key":"Fett, davon gesättigte Fettsäuren","value":"21 g"},{"key":"Kohlenhydrate","value":"3,1 g"},{"key":"Kohlenhydrate, davon Zucker","value":"3,1 g"},{"key":"Eiweiß","value":"2,3 g"},{"key":"Salz","value":"0,08 g"}],"tags":[]},
    {"url":"https://www.interspar.at/shop/lebensmittel/p/4620105","data":[{"key":"price","value":"0,99 €"},{"key":"oldPrice","value":"\n\t\t\t\t\t\n\t\t\t\t\t \n\t\t\t\t"},{"key":"pricePerUnit","value":"(5.50 €/kg)"},{"key":"productDetailsName","value":"Danone - Topfencreme Erdbeer - 180 G"},{"key":"detailsDescription","value":"180 G"},{"key":"articleNumber","value":"Artikelnummer: 4620105"},{"key":"Lagerhinweis:","value":["Kühl bei maximal +8°C lagern."]},{"key":"Zutaten:","value":["Zutaten: 41% MAGERTOPFEN, 31% RAHMJOGHURT, 9% Erdbeeren, Zucker, Glucose-Fructosesirup, MOLKENPROTEINE, modifizierte Stärke, Speisegelatine, färbende Saftkonzentrate (Aronia und schwarze Karotte), Aroma. In Großbuchstaben angegebene Zutaten enthalten allergene Inhaltsstoffe."]},{"key":"Allergene:","value":["Enthält:Milch und daraus gewonnene Erzeugnisse (inkl. Laktose)"]},{"key":"Identitätskennzeichen:","value":["DE BY-119 EG"]},{"key":"Kontakt:","value":["Danone GmbH","Technologiestraße 10, 1120 Wien, Österreich"]}],"nutritions":[{"key":"","value":"Unzubereitet"},{"key":" ","value":"100 g"},{"key":"Energie","value":"464 kJ | 110 kcal | 6 %"},{"key":"Fett","value":"3 g | 4 %"},{"key":"Fett, davon gesättigte Fettsäuren","value":"1,9 g | 10 %"},{"key":"Kohlenhydrate","value":"15 g | 6 %"},{"key":"Kohlenhydrate, davon Zucker","value":"13,8 g | 15 %"},{"key":"Eiweiß","value":"5,6 g | 11 %"},{"key":"Salz","value":"0,1 g | 2 %"}],"tags":[]},
    {"url":"https://www.interspar.at/shop/lebensmittel/p/5281282","data":[{"key":"price","value":"0,99 €"},{"key":"oldPrice","value":"\n\t\t\t\t\t\n\t\t\t\t\t \n\t\t\t\t"},{"key":"pricePerUnit","value":"(5.50 €/kg)"},{"key":"productDetailsName","value":"Danone - Topfencreme Exotic - 180 G"},{"key":"detailsDescription","value":"180 G"},{"key":"articleNumber","value":"Artikelnummer: 5281282"},{"key":"Lagerhinweis:","value":["Kühl bei maximal + 8 °C lagern."]},{"key":"Zutaten:","value":["Zutaten: 41% MAGERTOPFEN, 31% RAHMJOGHURT, Glucose-Fructosesirup, Zucker, 3,6% Bananen, 3,6% Kiwi, 3,6% Mango, MOLKENPROTEINE, modifizierte Stärke, Speisegelatine, Aroma, Farbstoff Kupferkomplexe der Chlorophylle. In Großbuchstaben angegebene Zutaten enthalten allergene Inhaltsstoffe."]},{"key":"Allergene:","value":["Enthält:Milch und daraus gewonnene Erzeugnisse (inkl. Laktose)"]},{"key":"Identitätskennzeichen:","value":["DE BY-119 EG"]},{"key":"Kontakt:","value":["Danone GmbH","Technologiestraße 10, 1120 Wien, Österreich"]}],"nutritions":[{"key":"","value":"Unzubereitet"},{"key":" ","value":"100 g"},{"key":"Energie","value":"490 kJ | 116 kcal | 6 %"},{"key":"Fett","value":"3 g | 4 %"},{"key":"Fett, davon gesättigte Fettsäuren","value":"1,9 g | 10 %"},{"key":"Kohlenhydrate","value":"16,3 g | 6 %"},{"key":"Kohlenhydrate, davon Zucker","value":"15,1 g | 17 %"},{"key":"Eiweiß","value":"5,6 g | 11 %"},{"key":"Salz","value":"0,1 g | 2 %"}],"tags":[]},
    {"url":"https://www.interspar.at/shop/lebensmittel/p/5377114","data":[{"key":"price","value":"1,09 €"},{"key":"oldPrice","value":"\n\t\t\t\t\t\n\t\t\t\t\t \n\t\t\t\t"},{"key":"pricePerUnit","value":"(1.09 €/l)"},{"key":"productDetailsName","value":"SPAR free from - Leichte Milch länger frisch - 1 L"},{"key":"detailsDescription","value":"1 L"},{"key":"articleNumber","value":"Artikelnummer: 5377114"},{"key":"Lagerhinweis:","value":["Vor und nach dem Öffnen gekühlt bei +4°C - +6°C lagern. Nach dem Öffnen innerhalb von 3 Tagen verbrauchen."]},{"key":"Zutaten:","value":["Zutaten: MILCH. In Großbuchstaben angegebene Zutaten enthalten allergene Inhaltsstoffe."]},{"key":"Allergene:","value":["Enthält:Milch und daraus gewonnene Erzeugnisse (inkl. Laktose)"]},{"key":"","value":["mit Calcium"]},{"key":"","value":["Laktosefrei"]},{"key":"Identitätskennzeichen:","value":["AT 20130 EG"]},{"key":"Ursprungsland/Herkunftsort:","value":["Qualität aus Österreich"]},{"key":"Verbrauchen nach dem Öffnen:","value":["3 Tage","3 Tage"]},{"key":"Kontakt:","value":["SPAR Österr. Warenhandels-AG","Europastraße 3, 5015 Salzburg, Österreich"]}],"nutritions":[{"key":" ","value":"100 ml"},{"key":"","value":"Unzubereitet"},{"key":"Energie","value":"197 kJ | 47 kcal"},{"key":"Fett","value":"1,5 g"},{"key":"Fett, davon gesättigte Fettsäuren","value":"1,1 g"},{"key":"Kohlenhydrate","value":"4,8 g"},{"key":"Kohlenhydrate, davon Zucker","value":"4,8 g"},{"key":"Ballaststoffe","value":"0 g"},{"key":"Eiweiß","value":"3,5 g"},{"key":"Salz","value":"0,13 g"},{"key":"Kalzium","value":"120 mg | 15 %"},{"key":"Broteinheiten","value":"0,4 BE"},{"key":"Laktose","value":"< 0,01 g"},{"key":" ","value":"Portion (250 ml)"}],"tags":["Lactosefrei"]},
    {"url":"https://www.interspar.at/shop/lebensmittel/p/5379026","data":[{"key":"price","value":"1,49 €"},{"key":"oldPrice","value":"\n\t\t\t\t\t\n\t\t\t\t\t \n\t\t\t\t"},{"key":"pricePerUnit","value":"(2.98 €/kg)"},{"key":"productDetailsName","value":"Exquisa Quark Genuss - Quark Genuss Sommer Winter Bratapfel 0,2% Fett - 500 G"},{"key":"detailsDescription","value":"500 G"},{"key":"articleNumber","value":"Artikelnummer: 5379026"},{"key":"Lagerhinweis:","value":["Ungeöffnet bei +2°C bis +8°C lagern."]},{"key":"Zutaten:","value":["Zutaten: SPEISEQUARK, JOGHURT aus entrahmter MILCH (32%), 20% Fruchtzubereitung (Zucker, Äpfel, Glucose-Fructose-Sirup, modifizierte Maisstärke, Zimt, Aroma).  Ohne Zusatz von Farb- und Konservierungsstoffen. Kann Spuren von Gluten enthalten.In Großbuchstaben angegebene Zutaten enthalten allergene Inhaltstoffe."]},{"key":"Allergene:","value":["Enthält:Milch und daraus gewonnene Erzeugnisse (inkl. Laktose)"]},{"key":"Identitätskennzeichen:","value":["DE BY 706 EG"]},{"key":"Kontakt:","value":["Karwendel Werke Huber GmbH&Co KG","Karwendelstraße 6-16, 86807 Buchloe, Deutschland"]}],"nutritions":[{"key":"","value":"Unzubereitet"},{"key":" ","value":"100 g"},{"key":"Energie","value":"375 kJ | 88 kcal"},{"key":"Fett","value":"0,2 g"},{"key":"Fett, davon gesättigte Fettsäuren","value":"0,1 g"},{"key":"Kohlenhydrate","value":"14,8 g"},{"key":"Kohlenhydrate, davon Zucker","value":"14,3 g"},{"key":"Eiweiß","value":"6,7 g"},{"key":"Salz","value":"0,1 g"}],"tags":[]},
    {"url":"https://www.interspar.at/shop/lebensmittel/p/5379057","data":[{"key":"price","value":"1,49 €"},{"key":"oldPrice","value":"\n\t\t\t\t\t\n\t\t\t\t\t \n\t\t\t\t"},{"key":"pricePerUnit","value":"(2.98 €/kg)"},{"key":"productDetailsName","value":"Exquisa Quark Genuss - Quark Genuss 0,2% Sommer Winter Pflaume-Zimt 0,2% - 500 G"},{"key":"detailsDescription","value":"500 G"},{"key":"articleNumber","value":"Artikelnummer: 5379057"},{"key":"Lagerhinweis:","value":["Ungeöffnet bei +2°C bis +8°C lagern."]},{"key":"Zutaten:","value":["Zutaten: SPEISEQUARK, JOGHURT aus entrahmter MILCH (32%), 20% Fruchtzubereitung (Zucker, Pflaumen, modifizierte Maisstärke, Glucose-Fructose-Sirup, Zimt, färbende Frucht- und Pflanzenkonzentrate (schwarze Karotte, Rote Beete), Aroma).  Ohne Zusatz von Farb- und Konservierungsstoffen. Kann Spuren von Gluten enthalten. Trotz größter Sorgfalt bei der Herstellung ist ein technisch unvermeidbares Vorkommen von Kernresten möglich. In Großbuchstaben angegebene Zutaten enthalten allergene Inhaltstoffe."]},{"key":"Allergene:","value":["Enthält:Milch und daraus gewonnene Erzeugnisse (inkl. Laktose)"]},{"key":"Identitätskennzeichen:","value":["DE BY 706 EG"]},{"key":"Kontakt:","value":["Karwendel Werke Huber GmbH&Co KG","Karwendelstraße 6-16, 86807 Buchloe, Deutschland"]}],"nutritions":[{"key":"","value":"Unzubereitet"},{"key":" ","value":"100 g"},{"key":"Energie","value":"370 kJ | 87 kcal"},{"key":"Fett","value":"0,2 g"},{"key":"Fett, davon gesättigte Fettsäuren","value":"0,1 g"},{"key":"Kohlenhydrate","value":"14,7 g"},{"key":"Kohlenhydrate, davon Zucker","value":"14 g"},{"key":"Eiweiß","value":"6,5 g"},{"key":"Salz","value":"0,1 g"}],"tags":[]},
    {"url":"https://www.interspar.at/shop/lebensmittel/p/7043130","data":[{"key":"price","value":"1,09 €"},{"key":"oldPrice","value":"\n\t\t\t\t\t\n\t\t\t\t\t \n\t\t\t\t"},{"key":"pricePerUnit","value":"(1.09 €/l)"},{"key":"productDetailsName","value":"SPAR Vital - Bergbauern Heumilch fettarm - 1 L"},{"key":"detailsDescription","value":"1 L"},{"key":"articleNumber","value":"Artikelnummer: 7043130"},{"key":"Lagerhinweis:","value":["Vor und nach dem Öffnen gekühlt (bei max. +6°C) lagern. Nach dem Öffnen innerhalb von 2 Tagen aufbrauchen."]},{"key":"Zutaten:","value":["Zutaten: MILCH 1,5% Fett. In Großbuchstaben angegebene Zutaten enthalten allergene Inhaltsstoffe."]},{"key":"Allergene:","value":["Enthält:Milch und daraus gewonnene Erzeugnisse (inkl. Laktose)"]},{"key":"","value":["Enthält Calcium"]},{"key":"Identitätskennzeichen:","value":["AT 50151 EG"]},{"key":"Zusatztext:","value":["Trinken Sie täglich 1 Glas (250ml) fettarme Bergbauern Heumilch. Eine abwechslungsreiche, ausgewogene Ernährung, Bewegung und ein gesunder Lebensstil sind wichtig für die Gesundheit."]},{"key":"Ursprungsland/Herkunftsort:","value":["Qualität aus Österreich"]},{"key":"Zusatzinformation:","value":["Kalzium ist ein wichtiger Mineralstoff im Körper und hat eine Funktion bei der Zellteilung. Es wird für die Erhaltung der Knochen und Zähne benötigt."]},{"key":"Verbrauchen nach dem Öffnen:","value":["2 Tage"]},{"key":"Kontakt:","value":["SPAR Österr. Warenhandels-AG","Europastraße 3, 5015 Salzburg, Österreich"]}],"nutritions":[{"key":"","value":"Unzubereitet"},{"key":" ","value":"100 ml"},{"key":"Energie","value":"195 kJ | 46 kcal"},{"key":"Fett","value":"1,5 g"},{"key":"Fett, davon gesättigte Fettsäuren","value":"0,9 g"},{"key":"Kohlenhydrate","value":"4,8 g"},{"key":"Kohlenhydrate, davon Zucker","value":"4,8 g"},{"key":"Ballaststoffe","value":"0 g"},{"key":"Eiweiß","value":"3,4 g"},{"key":"Salz","value":"0,13 g"},{"key":"Kalzium","value":"120 mg | 15 %"},{"key":"Broteinheiten","value":"0,4 BE"},{"key":"","value":"Unzubereitet"},{"key":" ","value":"Portion (250 ml)"},{"key":"Energie","value":"488 kJ | 115 kcal | 15 %"},{"key":"Fett","value":"3,8 g | 5 %"},{"key":"Fett, davon gesättigte Fettsäuren","value":"2,3 g | 12 %"},{"key":"Kohlenhydrate","value":"12 g | 5 %"},{"key":"Kohlenhydrate, davon Zucker","value":"12 g | 13 %"},{"key":"Ballaststoffe","value":"0 g"},{"key":"Eiweiß","value":"8,5 g | 17 %"},{"key":"Salz","value":"0,33 g | 6 %"},{"key":"Kalzium","value":"300 mg | 38 %"},{"key":"Broteinheiten","value":"1 BE"}],"tags":[]},
    {"url":"https://www.interspar.at/shop/lebensmittel/p/7048388","data":[{"key":"price","value":"1,35 €"},{"key":"oldPrice","value":"\n\t\t\t\t\t\n\t\t\t\t\t \n\t\t\t\t"},{"key":"pricePerUnit","value":"(2.70 €/kg)"},{"key":"productDetailsName","value":"SPAR Vital - Halbfett Margarine - 500 G"},{"key":"detailsDescription","value":"500 G"},{"key":"articleNumber","value":"Artikelnummer: 7048388"},{"key":"Lagerhinweis:","value":["Vor und nach dem Öffnen gekühlt lagern. Nach dem Öffnen innerhalb von wenigen Tagen verbrauchen."]},{"key":"Zutaten:","value":["Zutaten: Wasser, pflanzliche Öle (Raps 23%, Sonnenblumen), Palmfett, Emulgatoren: Mono- und Diglyceride von Speisefettsäuren, Polyglycerin-Polyricinoleat; Speisesalz, Säuerungsmittel: Citronensäure, Aroma, Konservierungsstoff: Kaliumsorbat, Vitamin B6, Vitamin E, Folsäure, Vitamin D, Vitamin A, Vitamin B12."]},{"key":"","value":["Hoher Gehalt an Vitamin D","Enthält Omega-3 Fettsäuren","Enthält Folsäure"]},{"key":"Zusatztext:","value":["Essen Sie täglich eine Portion Halbfettmargarine (10g).Eine abwechslungsreiche, ausgewogene Ernährung, Bewegung und ein gesunder Lebensstil sind wichtig für die Gesundheit."]},{"key":"Ursprungsland/Herkunftsort:","value":["hergestellt in Österreich"]},{"key":"Zusatzinformation:","value":["Vitamin D trägt zur Erhaltung der Knochen, Muskelfunktionen und Zähne bei und spielt eine Rolle bei der Aufnahme/Verwertung von Calcium und Phosphor. Es hat eine wichtige Funktion bei der Zellteilung und unterstützt das Immunsystem.Omega-3-Fettsäuren gehören zu den essentiellen, ungesättigten Fettsäuren. Da der Körper diese wertvollen Fettsäuren selbst nicht bilden kann, müssen sie über die Nahrung aufgenommen werden.Folsäure unterstützt die Blutbildung, ist wichtig für das Immunsystem, leistet einen Beitrag zur Verringerung von Müdigkeit und trägt zum Wachstum des mütterlichen Gewebes während der Schwangerschaft bei."]},{"key":"Verwendungshinweis:","value":["Zum Braten und Frittieren nicht geeignet."]},{"key":"Kontakt:","value":["SPAR Österr. Warenhandels-AG","Europastraße 3, 5015 Salzburg, Österreich"]}],"nutritions":[{"key":"","value":"Unzubereitet"},{"key":" ","value":"100 g"},{"key":"Energie","value":"1443 kJ | 351 kcal"},{"key":"Fett","value":"39 g"},{"key":"Fett, davon gesättigte Fettsäuren","value":"9,7 g"},{"key":"Fett, davon einfach ungesättigte Fettsäuren","value":"19 g"},{"key":"Fett, davon mehrfach ungesättigte Fettsäuren","value":"10 g"},{"key":"Kohlenhydrate","value":"0 g"},{"key":"Kohlenhydrate, davon Zucker","value":"0 g"},{"key":"Ballaststoffe","value":"0 g"},{"key":"Eiweiß","value":"0 g"},{"key":"Salz","value":"0,25 g"},{"key":"Vitamin A","value":"800 µg | 100 %"},{"key":"Vitamin D","value":"7,5 µg | 150 %"},{"key":"Vitamin E","value":"20 mg | 167 %"},{"key":"Vitamin B 6, Pyridoxin","value":"4 mg | 286 %"},{"key":"Folsäure","value":"400 µg | 200 %"},{"key":"Vitamin B 12, Cyanocobalamin","value":"2,5 µg | 100 %"},{"key":"Broteinheiten","value":"0 BE"},{"key":"Omega-3-Fettsäuren","value":"1,8 g"},{"key":"Omega-6-Fettsäuren","value":"8,4 g"},{"key":"","value":"Unzubereitet"},{"key":" ","value":"Portion (10 g)"},{"key":"Energie","value":"144 kJ | 35 kcal | 2 %"},{"key":"Fett","value":"3,9 g | 6 %"},{"key":"Fett, davon gesättigte Fettsäuren","value":"1 g | 5 %"},{"key":"Fett, davon einfach ungesättigte Fettsäuren","value":"1,9 g"},{"key":"Fett, davon mehrfach ungesättigte Fettsäuren","value":"1 g"},{"key":"Kohlenhydrate","value":"0 g | 0 %"},{"key":"Kohlenhydrate, davon Zucker","value":"0 g | 0 %"},{"key":"Ballaststoffe","value":"0 g"},{"key":"Eiweiß","value":"0 g | 0 %"},{"key":"Salz","value":"0,03 g | 1 %"},{"key":"Vitamin A","value":"80 µg | 10 %"},{"key":"Vitamin D","value":"0,8 µg | 16 %"},{"key":"Vitamin E","value":"2 mg | 17 %"},{"key":"Vitamin B 6, Pyridoxin","value":"0,4 mg | 29 %"},{"key":"Folsäure","value":"40 µg | 20 %"},{"key":"Vitamin B 12, Cyanocobalamin","value":"0,3 µg | 12 %"},{"key":"Broteinheiten","value":"0 BE"},{"key":"Omega-3-Fettsäuren","value":"0,2 g"},{"key":"Omega-9-Fettsäuren","value":"0,8 g"}],"tags":["Lactosefrei"]},
    {"url":"https://www.interspar.at/shop/lebensmittel/p/7079559","data":[{"key":"price","value":"1,25 €"},{"key":"oldPrice","value":"\n\t\t\t\t\t\n\t\t\t\t\t \n\t\t\t\t"},{"key":"pricePerUnit","value":"(5.00 €/l)"},{"key":"productDetailsName","value":"SPAR free from - Schlagobers - 250 ML"},{"key":"detailsDescription","value":"250 ML"},{"key":"articleNumber","value":"Artikelnummer: 7079559"},{"key":"Lagerhinweis:","value":["Vor und nach dem Öffnen gekühlt lagern. Nach dem Öffnen innerhalb von 3 Tagen verbrauchen."]},{"key":"Zutaten:","value":["Zutaten: SCHLAGOBERS, Stabilisator: Carrageen. In Großbuchstaben angegebene Zutaten enthalten allergene Inhaltsstoffe."]},{"key":"Allergene:","value":["Enthält:Milch und daraus gewonnene Erzeugnisse (inkl. Laktose)"]},{"key":"","value":["Laktosefrei"]},{"key":"Identitätskennzeichen:","value":["AT 20130 EG"]},{"key":"Ursprungsland/Herkunftsort:","value":["Qualität aus Österreich"]},{"key":"Verbrauchen nach dem Öffnen:","value":["3 Tage"]},{"key":"Kontakt:","value":["SPAR Österr. Warenhandels-AG","Europastraße 3, 5015 Salzburg, Österreich"]}],"nutritions":[{"key":"","value":"Unzubereitet"},{"key":" ","value":"100 ml"},{"key":"Energie","value":"1422 kJ | 345 kcal"},{"key":"Fett","value":"36 g"},{"key":"Fett, davon gesättigte Fettsäuren","value":"26 g"},{"key":"Kohlenhydrate","value":"3 g"},{"key":"Kohlenhydrate, davon Zucker","value":"3 g"},{"key":"Ballaststoffe","value":"0 g"},{"key":"Eiweiß","value":"2,3 g"},{"key":"Salz","value":"0,1 g"},{"key":"Broteinheiten","value":"0,3 BE"},{"key":"Laktose","value":"< 0,01 g"}],"tags":["Lactosefrei"]},
    {"url":"https://www.interspar.at/shop/lebensmittel/p/7206443","data":[{"key":"price","value":"1,19 €"},{"key":"oldPrice","value":"\n\t\t\t\t\t\n\t\t\t\t\t \n\t\t\t\t"},{"key":"pricePerUnit","value":"(1.19 €/l)"},{"key":"productDetailsName","value":"Die leichte Muh - Frühstücksmilch 0,7% - 1 L"},{"key":"detailsDescription","value":"1 L"},{"key":"articleNumber","value":"Artikelnummer: 7206443"},{"key":"Lagerhinweis:","value":["Gekühlt (+6°C) lagern. Nach dem Öffnen innerhalb von 3 Tagen verbrauchen."]},{"key":"Zutaten:","value":["Zutaten: LEICHTMILCH. In Großbuchstaben angegebene Zutaten enthalten allergene Inhaltsstoffe."]},{"key":"Allergene:","value":["Enthält:Milch und daraus gewonnene Erzeugnisse (inkl. Laktose)"]},{"key":"","value":["mehr Eiweißmit Kalzium"]},{"key":"Identitätskennzeichen:","value":["DE BY 13110 EG"]},{"key":"Verbrauchen nach dem Öffnen:","value":["3 Tage"]},{"key":"Kontakt:","value":["Maresi Austria GmbH","Meytensgasse 27, Postfach 111, A-1131 Wien","0800/216411 kostenlos aus ganz Österreich"]}],"nutritions":[{"key":"","value":"Unzubereitet"},{"key":" ","value":"100 ml"},{"key":"Energie","value":"186 kJ | 44 kcal"},{"key":"Fett","value":"0,7 g"},{"key":"Fett, davon gesättigte Fettsäuren","value":"0,5 g"},{"key":"Kohlenhydrate","value":"5,2 g"},{"key":"Kohlenhydrate, davon Zucker","value":"5,2 g"},{"key":"Eiweiß","value":"4,1 g"},{"key":"Salz","value":"0,09 g"},{"key":"Kalzium","value":"140 mg | 17,5 %"}],"tags":[]},
    {"url":"https://www.interspar.at/shop/lebensmittel/p/764506","data":[{"key":"price","value":"0,99 €"},{"key":"oldPrice","value":"\n\t\t\t\t\t\n\t\t\t\t\t \n\t\t\t\t"},{"key":"pricePerUnit","value":"(5.50 €/kg)"},{"key":"productDetailsName","value":"Danone - Topfencreme Vanille - 180 G"},{"key":"detailsDescription","value":"180 G"},{"key":"articleNumber","value":"Artikelnummer: 764506"},{"key":"Lagerhinweis:","value":["Kühl bei maximal +8°C lagern."]},{"key":"Zutaten:","value":["Zutaten: 41% MAGERTOPFEN, 31% RAHMJOGHURT, Zucker, Glucose-Fructosesirup, MOLKENPROTEINE, modifizierte Stärke, Speisegelatine, Aroma, extrahierte Vanilleschoten, Farbstoff Beta-Carotin, Curcumin. In Großbuchstaben angegebene Zutaten enthalten allergene Inhaltsstoffe."]},{"key":"Allergene:","value":["Enthält:Milch und daraus gewonnene Erzeugnisse (inkl. Laktose)"]},{"key":"Identitätskennzeichen:","value":["DE BY-119 EG"]},{"key":"Kontakt:","value":["Danone GmbH","Technologiestraße 10, 1120 Wien, Österreich"]}],"nutritions":[{"key":"","value":"Unzubereitet"},{"key":" ","value":"100 g"},{"key":"Energie","value":"500 kJ | 119 kcal | 6 %"},{"key":"Fett","value":"3 g | 4 %"},{"key":"Fett, davon gesättigte Fettsäuren","value":"1,9 g | 10 %"},{"key":"Kohlenhydrate","value":"17,3 g | 7 %"},{"key":"Kohlenhydrate, davon Zucker","value":"16,1 g | 18 %"},{"key":"Eiweiß","value":"5,5 g | 11 %"},{"key":"Salz","value":"0,1 g | 2 %"}],"tags":[]},
    {"url":"https://www.interspar.at/shop/lebensmittel/p/7801952","data":[{"key":"price","value":"1,49 €"},{"key":"oldPrice","value":"\n\t\t\t\t\t\n\t\t\t\t\t \n\t\t\t\t"},{"key":"pricePerUnit","value":"(2.98 €/kg)"},{"key":"productDetailsName","value":"Exquisa Quark Genuss - Erdbeere 0,2% Fett - 500 G"},{"key":"detailsDescription","value":"500 G"},{"key":"articleNumber","value":"Artikelnummer: 7801952"},{"key":"Lagerhinweis:","value":["Gekühlt bei +2°C bis +8°C lagern."]},{"key":"Zutaten:","value":["Zutaten: SPEISEQUARK, JOGHURT aus entrahmter MILCH (32%), 22% Fruchtzubereitung (Erdbeeren, Zucker, Aroma, Glucose-Fructose-Sirup, modifizierte Stärke, färbende Frucht- und Pflanzenkonzentrate (Rote Beete, Aroniabeeren, schwarze Karotte)). In Großbuchstaben angegebene Zutaten enthalten allergene Inhaltsstoffe."]},{"key":"Allergene:","value":["Kann Spuren enthalten von:Glutenhaltiges Getreide und daraus hergestellte Erzeugnisse","Enthält:Milch und daraus gewonnene Erzeugnisse (inkl. Laktose)"]},{"key":"","value":["ohne Zusatz von Farb- und Konservierungsstoffen."]},{"key":"Identitätskennzeichen:","value":["DE BY 706 EG"]},{"key":"Kontakt:","value":["Karwendel","Karwendelstraße 6-16, 86807 Buchloe, Deutschland"]}],"nutritions":[{"key":"","value":"Unzubereitet"},{"key":" ","value":"100 g"},{"key":"Energie","value":"365 kJ | 86 kcal"},{"key":"Fett","value":"0,2 g"},{"key":"Fett, davon gesättigte Fettsäuren","value":"0,1 g"},{"key":"Kohlenhydrate","value":"14,5 g"},{"key":"Kohlenhydrate, davon Zucker","value":"14 g"},{"key":"Eiweiß","value":"6,5 g"},{"key":"Salz","value":"0,1 g"}],"tags":[]},
    {"url":"https://www.interspar.at/shop/lebensmittel/p/7801976","data":[{"key":"price","value":"1,49 €"},{"key":"oldPrice","value":"\n\t\t\t\t\t\n\t\t\t\t\t \n\t\t\t\t"},{"key":"pricePerUnit","value":"(2.98 €/kg)"},{"key":"productDetailsName","value":"Exquisa Quark Genuss - Kirsche 0,2% Fett - 500 G"},{"key":"detailsDescription","value":"500 G"},{"key":"articleNumber","value":"Artikelnummer: 7801976"},{"key":"Lagerhinweis:","value":["Gekühlt bei +2°C bis +8°C lagern."]},{"key":"Zutaten:","value":["Zutaten: SPEISEQUARK, JOGHURT aus entrahmter MILCH (32%), 21% Fruchtzubereitung (Kirschen, Zucker, Glucose-Fructose-Sirup, färbende Frucht- und Pflanzenkonzentrate (schwarze Karotte, Traube, schwarze Johannisbeere), modifzierte Maisstärke, Aroma). In Großbuchstaben angegebene Zutaten enthalten allergene Inhaltsstoffe."]},{"key":"Allergene:","value":["Kann Spuren enthalten von:Glutenhaltiges Getreide und daraus hergestellte Erzeugnisse","Enthält:Milch und daraus gewonnene Erzeugnisse (inkl. Laktose)"]},{"key":"","value":["ohne Zusatz von Farb- und Konservierungsstoffen"]},{"key":"Identitätskennzeichen:","value":["DE BY 706 EG"]},{"key":"Zusatztext:","value":["Trotz größter Sorgfalt bei der Herstellung ist ein technisch unvermeidbares Vorkommen von Kernen oder Teilen davon möglich."]},{"key":"Kontakt:","value":["Karwendel","Karwendelstraße 6-16, 86807 Buchloe, Deutschland"]}],"nutritions":[{"key":"","value":"Unzubereitet"},{"key":" ","value":"100 g"},{"key":"Energie","value":"374 kJ | 88 kcal"},{"key":"Fett","value":"0,2 g"},{"key":"Fett, davon gesättigte Fettsäuren","value":"0,1 g"},{"key":"Kohlenhydrate","value":"15 g"},{"key":"Kohlenhydrate, davon Zucker","value":"12,6 g"},{"key":"Eiweiß","value":"6,5 g"},{"key":"Salz","value":"0,1 g"}],"tags":[]},
    {"url":"https://www.interspar.at/shop/lebensmittel/p/7801990","data":[{"key":"price","value":"1,49 €"},{"key":"oldPrice","value":"\n\t\t\t\t\t\n\t\t\t\t\t \n\t\t\t\t"},{"key":"pricePerUnit","value":"(2.98 €/kg)"},{"key":"productDetailsName","value":"Exquisa Quark Genuss - Pfirsich-Maracuja 0,2% Fett - 500 G"},{"key":"detailsDescription","value":"500 G"},{"key":"articleNumber","value":"Artikelnummer: 7801990"},{"key":"Lagerhinweis:","value":["Gekühlt bei +2°C bis +8°C lagern."]},{"key":"Zutaten:","value":["Zutaten: SPEISEQUARK, JOGHURT aus entrahmter MILCH (32%), 22% Fruchtzubereitung (Pfirische, Zucker, Maracujasaft aus Konzentrat, Glucose-Fructose-Sirup, modifizierte Maissttärke, Aroma). In Großbuchstaben angegebene Zutaten enthalten allergene Inhaltsstoffe."]},{"key":"Allergene:","value":["Kann Spuren enthalten von:Glutenhaltiges Getreide und daraus hergestellte Erzeugnisse, Schalenfrüchte und daraus gewonnene Erzeugnisse","Enthält:Milch und daraus gewonnene Erzeugnisse (inkl. Laktose)"]},{"key":"","value":["ohne Zusatz von Farb- und Konservierungsstoffen."]},{"key":"Identitätskennzeichen:","value":["DE BY 706 EG"]},{"key":"Kontakt:","value":["Karwendel","Karwendelstraße 6-16, 86807 Buchloe, Deutschland"]}],"nutritions":[{"key":"","value":"Unzubereitet"},{"key":" ","value":"100 g"},{"key":"Energie","value":"341 kJ | 80 kcal"},{"key":"Fett","value":"0,2 g"},{"key":"Fett, davon gesättigte Fettsäuren","value":"0,1 g"},{"key":"Kohlenhydrate","value":"13,1 g"},{"key":"Kohlenhydrate, davon Zucker","value":"12,4 g"},{"key":"Eiweiß","value":"6,5 g"},{"key":"Salz","value":"0,1 g"}],"tags":[]},
    {"url":"https://www.interspar.at/shop/lebensmittel/p/8192318","data":[{"key":"price","value":"0,99 €"},{"key":"oldPrice","value":"\n\t\t\t\t\t\n\t\t\t\t\t \n\t\t\t\t"},{"key":"pricePerUnit","value":"(5.50 €/kg)"},{"key":"productDetailsName","value":"Danone - Zauberhafte Kirsche - 180 G"},{"key":"detailsDescription","value":"180 G"},{"key":"articleNumber","value":"Artikelnummer: 8192318"},{"key":"Lagerhinweis:","value":["Bei maximal +8 °C lagern."]},{"key":"Zutaten:","value":["Zutaten: 41% MAGERTOPFEN, 31% RAHMJOGHURT, Zucker, 9% Kirschen, Glucose-Fructosesirup, MOLKENPROTEINE, modifizierte Stärke,  Speisegelatine, färbende Konzentrate Traube und Rote Beete, Aroma. In Großbuchstaben angegebene Zutaten enthalten allergene Inhaltstoffe."]},{"key":"Allergene:","value":["Enthält:Milch und daraus gewonnene Erzeugnisse (inkl. Laktose)"]},{"key":"Identitätskennzeichen:","value":["DE BY-119 EG"]},{"key":"Kontakt:","value":["Danone GmbH","Technologiestraße 10, 1120 Wien, Österreich"]}],"nutritions":[{"key":"","value":"Unzubereitet"},{"key":" ","value":"100 g"},{"key":"Energie","value":"488 kJ | 116 kcal | 6 %"},{"key":"Fett","value":"3 g | 4 %"},{"key":"Fett, davon gesättigte Fettsäuren","value":"1,9 g | 10 %"},{"key":"Kohlenhydrate","value":"16,4 g | 6 %"},{"key":"Kohlenhydrate, davon Zucker","value":"15 g | 17 %"},{"key":"Eiweiß","value":"5,6 g | 11 %"},{"key":"Salz","value":"0,15 g | 3 %"}],"tags":[]},
    {"url":"https://www.interspar.at/shop/lebensmittel/p/2020001587506","data":[{"key":"price","value":"0,99 €"},{"key":"oldPrice","value":"\n\t\t\t\t\t\n\t\t\t\t\t \n\t\t\t\t"},{"key":"pricePerUnit","value":"(5.50 €/kg)"},{"key":"productDetailsName","value":"Danone - Topfencreme Franzl Heidelbeere Johannisbeere - 180 G"},{"key":"detailsDescription","value":"180 G"},{"key":"articleNumber","value":"Artikelnummer: 2020001587506"},{"key":"Lagerhinweis:","value":["Bei max. +8°C lagern."]},{"key":"Zutaten:","value":["Zutaten: 41% MAGERTOPFEN, 29% RAHMJOGHURT, Glucose-Fructosesirup, Zucker, 4,1% Heidelbeeren, 2,8% Cassis, MOLKENPROTEINE, modifizierte Maisstärke, Speisegelatine, Aroma. In Großbuchstaben angegebene Zutaten enthalten allergene Inhaltsstoffe."]},{"key":"Allergene:","value":["Kann Spuren enthalten von:Eier und daraus gewonnene Erzeugnisse, Glutenhaltiges Getreide und daraus hergestellte Erzeugnisse, Schalenfrüchte und daraus gewonnene Erzeugnisse","Enthält:Milch und daraus gewonnene Erzeugnisse (inkl. Laktose)"]},{"key":"Identitätskennzeichen:","value":["DE BY-119 EG"]},{"key":"Kontakt:","value":["Danone GmbH","Technologiestraße 10, 1120 Wien, Österreich","01/21157-207"]}],"nutritions":[],"tags":[]},
    {"url":"https://www.interspar.at/shop/lebensmittel/p/2729510","data":[{"key":"price","value":"1,25 €"},{"key":"oldPrice","value":"\n\t\t\t\t\t\n\t\t\t\t\t \n\t\t\t\t"},{"key":"pricePerUnit","value":"(5.00 €/l)"},{"key":"productDetailsName","value":"NÖM - Schlagobers 36% Fett länger frisch - 250 ML"},{"key":"detailsDescription","value":"250 ML"},{"key":"articleNumber","value":"Artikelnummer: 2729510"},{"key":"Lagerhinweis:","value":["Gekühlt (+3-9 °C) lagern und nach dem Öffnen innerhalb von 1-2 Tagen verbrauchen."]},{"key":"Zutaten:","value":["Zutaten: RAHM mit 36% Fett, Stabilisator: Carrageen. In Großbuchstaben angegebene Zutaten enthalten allergene Inhaltsstoffe."]},{"key":"Allergene:","value":["Enthält:Milch und daraus gewonnene Erzeugnisse (inkl. Laktose)"]},{"key":"Identitätskennzeichen:","value":["AT 30960 EG"]},{"key":"Verbrauchen nach dem Öffnen:","value":["1 Tage"]},{"key":"Kontakt:","value":["NÖM AG","Vöslauer Straße 109, 2500 Baden, Österreich","0800 800 500"]}],"nutritions":[{"key":"","value":"Unzubereitet"},{"key":" ","value":"100 ml"},{"key":"Energie","value":"1430 kJ | 347 kcal | 17 %"},{"key":"Fett","value":"36 g | 51 %"},{"key":"Fett, davon gesättigte Fettsäuren","value":"21,6 g | 108 %"},{"key":"Kohlenhydrate","value":"3,5 g | 1 %"},{"key":"Kohlenhydrate, davon Zucker","value":"3,5 g | 4 %"},{"key":"Eiweiß","value":"2,3 g | 5 %"},{"key":"Salz","value":"0,1 g | 2 %"}],"tags":[]},
    {"url":"https://www.interspar.at/shop/lebensmittel/p/5048854","data":[{"key":"price","value":"1,19 €"},{"key":"oldPrice","value":"\n\t\t\t\t\t\n\t\t\t\t\t \n\t\t\t\t"},{"key":"pricePerUnit","value":"(1.19 €/l)"},{"key":"productDetailsName","value":"NÖM - Guten Morgen Milch 1,8 % Fett länger frisch - 1 L"},{"key":"detailsDescription","value":"1 L"},{"key":"articleNumber","value":"Artikelnummer: 5048854"},{"key":"Lagerhinweis:","value":["Gekühlt (+ 6 °C) lagern und nach dem Öffnen innerhalb von 1-2 Tagen verbrauchen."]},{"key":"Zutaten:","value":["Zutaten: Teilentrahmte gentechnikfreie MILCH* mit 1,8% Fett, Vitamin D. *laut Definition des Österreichischen Lebensmittelcodex für gentechnikfreie Produktion; Kontrolle durch agroVet GmbH. In Großbuchstaben angegebene Zutaten enthalten allergene Inhaltsstoffe."]},{"key":"Allergene:","value":["Enthält:Milch und daraus gewonnene Erzeugnisse (inkl. Laktose)"]},{"key":"","value":["mit Calcium und Vitamin D"]},{"key":"Identitätskennzeichen:","value":["AT 30960 EG"]},{"key":"Zusatzinformation:","value":["Mit dem natürlichen Calcium der Milch unterstützt die Guten Morgen Milch die Erhaltung von Knochen und Zähnen."]},{"key":"Verbrauchen nach dem Öffnen:","value":["1 Tage"]},{"key":"Kontakt:","value":["NÖM AG","Vöslauer Straße 109, 2500 Baden, Österreich","0800 800 500"]}],"nutritions":[{"key":"","value":"Unzubereitet"},{"key":" ","value":"100 ml"},{"key":"Energie","value":"212 kJ | 50 kcal"},{"key":"Fett","value":"1,8 g"},{"key":"Fett, davon gesättigte Fettsäuren","value":"1,1 g"},{"key":"Kohlenhydrate","value":"5 g"},{"key":"Kohlenhydrate, davon Zucker","value":"5 g"},{"key":"Eiweiß","value":"3,7 g"},{"key":"Salz","value":"0,1 g"},{"key":"Vitamin D","value":"0,75 µg | 15 %"},{"key":"Kalzium","value":"120 mg | 15 %"},{"key":"","value":"Unzubereitet"},{"key":" ","value":"Portion (250 ml)"},{"key":"Energie","value":"530 kJ | 125 kcal | 6 %"},{"key":"Fett","value":"4,5 g | 6 %"},{"key":"Fett, davon gesättigte Fettsäuren","value":"2,8 g | 14 %"},{"key":"Kohlenhydrate","value":"12,5 g | 5 %"},{"key":"Kohlenhydrate, davon Zucker","value":"12,5 g | 14 %"},{"key":"Eiweiß","value":"9,3 g | 19 %"},{"key":"Salz","value":"0,25 g | 4 %"},{"key":"Vitamin D","value":"1,8 µg | 36 %"},{"key":"Kalzium","value":"300 mg | 38 %"}],"tags":[]},
    {"url":"https://www.interspar.at/shop/lebensmittel/p/5214365","data":[{"key":"price","value":"1,15 €"},{"key":"oldPrice","value":"\n\t\t\t\t\t\n\t\t\t\t\t \n\t\t\t\t"},{"key":"pricePerUnit","value":"(1.15 €/l)"},{"key":"productDetailsName","value":"NÖM Waldviertler - Vollmilch 3,5 % Fett länger frisch - 1 L"},{"key":"detailsDescription","value":"1 L"},{"key":"articleNumber","value":"Artikelnummer: 5214365"},{"key":"Lagerhinweis:","value":["Gekühlt (+ 6 °C) lagern und nach dem Öffnen innerhalb von 1-2 Tagen verbrauchen."]},{"key":"Zutaten:","value":["Zutaten: VOLLMILCH mit 3,5% Fett. In Großbuchstaben angegebene Zutaten enthalten allergene Inhaltsstoffe."]},{"key":"Allergene:","value":["Enthält:Milch und daraus gewonnene Erzeugnisse (inkl. Laktose)"]},{"key":"Identitätskennzeichen:","value":["AT 30960 EG"]},{"key":"Verbrauchen nach dem Öffnen:","value":["1 Tage"]},{"key":"Kontakt:","value":["NÖM AG","Vöslauer Straße 109, 2500 Baden, Österreich","0800 800 500"]}],"nutritions":[{"key":"","value":"Unzubereitet"},{"key":" ","value":"100 ml"},{"key":"Energie","value":"266 kJ | 64 kcal | 3 %"},{"key":"Fett","value":"3,5 g | 5 %"},{"key":"Fett, davon gesättigte Fettsäuren","value":"2,1 g | 11 %"},{"key":"Kohlenhydrate","value":"4,7 g | 2 %"},{"key":"Kohlenhydrate, davon Zucker","value":"4,7 g | 5 %"},{"key":"Eiweiß","value":"3,3 g | 7 %"},{"key":"Salz","value":"0,1 g | 2 %"},{"key":"Kalzium","value":"120 mg | 15 %"}],"tags":[]},
    {"url":"https://www.interspar.at/shop/lebensmittel/p/5378968","data":[{"key":"price","value":"1,49 €"},{"key":"oldPrice","value":"\n\t\t\t\t\t\n\t\t\t\t\t \n\t\t\t\t"},{"key":"pricePerUnit","value":"(2.98 €/kg)"},{"key":"productDetailsName","value":"Exquisa Quark Genuss - Quark Genuss 0,2% Sommer Winter Vanillekipferl 0,2% - 500 G"},{"key":"detailsDescription","value":"500 G"},{"key":"articleNumber","value":"Artikelnummer: 5378968"},{"key":"Lagerhinweis:","value":["Ungeöffnet bei +2°C bis +8°C lagern."]},{"key":"Zutaten:","value":["Zutaten: SPEISEQUARK, JOGHURT aus entrahmter MILCH (32%), 20% Zubereitung Typ Vanillekipferl (Zucker, Gebäckstückchen (Zucker, WEIZENMEHL, Reismehl, Eiweiß, Mehl aus weißen Bohnen, WEIZENSTÄRKE, Kartoffelstärke, Sonnenblumenöl, Aroma, Verdickungsmittel Natriumalginat, Salz), Glucose-Fructose-Sirup, VOLLEI, modifizierte Maisstärke, Vanilleschoten, Aroma, Farbstoff Carotin).  Ohne Zusatz von Konservierungsstoffen. In Großbuchstaben angegebene Zutaten enthalten allergene Inhaltstoffe."]},{"key":"Allergene:","value":["Enthält:Eier und daraus gewonnene Erzeugnisse, Glutenhaltiges Getreide und daraus hergestellte Erzeugnisse, Milch und daraus gewonnene Erzeugnisse (inkl. Laktose)"]},{"key":"Identitätskennzeichen:","value":["DE BY 706 EG"]},{"key":"Kontakt:","value":["Karwendel Werke Huber GmbH&Co KG","Karwendelstraße 6-16, 86807 Buchloe, Deutschland"]}],"nutritions":[{"key":"","value":"Unzubereitet"},{"key":" ","value":"100 g"},{"key":"Energie","value":"375 kJ | 88 kcal"},{"key":"Fett","value":"0,2 g"},{"key":"Fett, davon gesättigte Fettsäuren","value":"0,1 g"},{"key":"Kohlenhydrate","value":"15 g"},{"key":"Kohlenhydrate, davon Zucker","value":"13,6 g"},{"key":"Eiweiß","value":"6,5 g"},{"key":"Salz","value":"0,1 g"}],"tags":[]},
    {"url":"https://www.interspar.at/shop/lebensmittel/p/5529209","data":[{"key":"price","value":"1,15 €"},{"key":"oldPrice","value":"\n\t\t\t\t\t\n\t\t\t\t\t \n\t\t\t\t"},{"key":"pricePerUnit","value":"(1.15 €/l)"},{"key":"productDetailsName","value":"NÖM - Vollmilch 3,5 % Fett länger frisch - 1 L"},{"key":"detailsDescription","value":"1 L"},{"key":"articleNumber","value":"Artikelnummer: 5529209"},{"key":"Lagerhinweis:","value":["Gekühlt (+6°C) lagern und nach dem Öffnen innerhalb von 1-2 Tagen verbrauchen."]},{"key":"Zutaten:","value":["Zutaten: VOLLMILCH. In Großbuchstaben angegebene Zutaten enthalten allergene Inhaltsstoffe."]},{"key":"Allergene:","value":["Enthält:Milch und daraus gewonnene Erzeugnisse (inkl. Laktose)"]},{"key":"Identitätskennzeichen:","value":["AT 30960 EG"]},{"key":"Verbrauchen nach dem Öffnen:","value":["1 Tage"]},{"key":"Kontakt:","value":["NÖM AG","Vöslauer Straße 109, 2500 Baden, Österreich","0800 800 500"]}],"nutritions":[{"key":"","value":"Unzubereitet"},{"key":" ","value":"100 ml"},{"key":"Energie","value":"266 kJ | 64 kcal | 3 %"},{"key":"Fett","value":"3,5 g | 5 %"},{"key":"Fett, davon gesättigte Fettsäuren","value":"2,1 g | 11 %"},{"key":"Kohlenhydrate","value":"4,7 g | 2 %"},{"key":"Kohlenhydrate, davon Zucker","value":"4,7 g | 5 %"},{"key":"Eiweiß","value":"3,3 g | 7 %"},{"key":"Salz","value":"0,1 g | 2 %"},{"key":"Kalzium","value":"120 mg | 15 %"}],"tags":[]},
    {"url":"https://www.interspar.at/shop/lebensmittel/p/5813254","data":[{"key":"price","value":"1,29 €"},{"key":"oldPrice","value":"\n\t\t\t\t\t\n\t\t\t\t\t \n\t\t\t\t"},{"key":"pricePerUnit","value":"(1.29 €/l)"},{"key":"productDetailsName","value":"A faire Milch -  - 1 L"},{"key":"detailsDescription","value":"1 L"},{"key":"articleNumber","value":"Artikelnummer: 5813254"},{"key":"Lagerhinweis:","value":["Gekühlt bei 6°C lagern. Nach dem Öffnen weiter kühl lagern und innerhalb von 3 Tagen aufbrauchen."]},{"key":"Zutaten:","value":["Zutaten: VOLLMILCH mit 3,5% Fett. In Großbuchstaben angegebene Zutaten enthalten allergene Inhaltsstoffe."]},{"key":"Allergene:","value":["Enthält:Milch und daraus gewonnene Erzeugnisse (inkl. Laktose)"]},{"key":"Identitätskennzeichen:","value":["AT - 50164 EG"]},{"key":"Verbrauchen nach dem Öffnen:","value":["3 Tage"]},{"key":"Kontakt:","value":["IG-Milch","Hauptplatz 5, 4190 Bad Leonfelden, Österreich"]}],"nutritions":[{"key":"","value":"Unzubereitet"},{"key":" ","value":"100 ml"},{"key":"Energie","value":"268 kJ | 64 kcal"},{"key":"Fett","value":"3,5 g"},{"key":"Fett, davon gesättigte Fettsäuren","value":"2,24 g"},{"key":"Kohlenhydrate","value":"4,8 g"},{"key":"Kohlenhydrate, davon Zucker","value":"4,8 g"},{"key":"Ballaststoffe","value":"0 g"},{"key":"Eiweiß","value":"3,3 g"},{"key":"Salz","value":"0,11 g"}],"tags":[]},
    {"url":"https://www.interspar.at/shop/lebensmittel/p/5868346","data":[{"key":"price","value":"4,69 €"},{"key":"oldPrice","value":"\n\t\t\t\t\t\n\t\t\t\t\t \n\t\t\t\t"},{"key":"pricePerUnit","value":"(4.69 €/l)"},{"key":"productDetailsName","value":"NÖM - Schlagobers 36 % Fett länger frisch - 1 L"},{"key":"detailsDescription","value":"1 L"},{"key":"articleNumber","value":"Artikelnummer: 5868346"},{"key":"Lagerhinweis:","value":["Gekühlt (+ 3-9 °C) lagern und nach dem Öffnen innerhalb von 1-2 Tagen verbrauchen."]},{"key":"Zutaten:","value":["Zutaten: RAHM mit 36% Fett, Stabilisator: Carrageen. In Großbuchstaben angegebene Zutaten enthalten allergene Inhaltsstoffe."]},{"key":"Allergene:","value":["Enthält:Milch und daraus gewonnene Erzeugnisse (inkl. Laktose)"]},{"key":"Identitätskennzeichen:","value":["AT 30960 EG"]},{"key":"Verbrauchen nach dem Öffnen:","value":["1 Tage"]},{"key":"Kontakt:","value":["NÖM AG","Vöslauer Straße 109, 2500 Baden, Österreich","0800 800 500"]}],"nutritions":[{"key":"","value":"Unzubereitet"},{"key":" ","value":"100 ml"},{"key":"Energie","value":"1430 kJ | 347 kcal | 17 %"},{"key":"Fett","value":"36 g | 51 %"},{"key":"Fett, davon gesättigte Fettsäuren","value":"21,6 g | 108 %"},{"key":"Kohlenhydrate","value":"3,5 g | 1 %"},{"key":"Kohlenhydrate, davon Zucker","value":"3,5 g | 4 %"},{"key":"Eiweiß","value":"2,3 g | 5 %"},{"key":"Salz","value":"0,1 g | 2 %"}],"tags":[]},
    {"url":"https://www.interspar.at/shop/lebensmittel/p/6147808","data":[{"key":"price","value":"0,85 €"},{"key":"oldPrice","value":"\n\t\t\t\t\t\n\t\t\t\t\t \n\t\t\t\t"},{"key":"pricePerUnit","value":"(1.70 €/l)"},{"key":"productDetailsName","value":"NÖM - Vollmilch 3,5 % Fett länger frisch - 0,5 L"},{"key":"detailsDescription","value":"0,5 L"},{"key":"articleNumber","value":"Artikelnummer: 6147808"},{"key":"Lagerhinweis:","value":["Gekühlt (+ 6 °C) lagern und nach dem Öffnen innerhalb von 1-2 Tagen verbrauchen."]},{"key":"Zutaten:","value":["Zutaten: MILCH 3,5% Fett. In Großbuchstaben angegebene Zutaten enthalten allergene Inhaltsstoffe."]},{"key":"Allergene:","value":["Enthält:Milch und daraus gewonnene Erzeugnisse (inkl. Laktose)"]},{"key":"Identitätskennzeichen:","value":["AT 30960 EG"]},{"key":"Verbrauchen nach dem Öffnen:","value":["1 Tage"]},{"key":"Kontakt:","value":["NÖM AG","Vöslauer Straße 109, 2500 Baden, Österreich","0800 800 500"]}],"nutritions":[{"key":"","value":"Unzubereitet"},{"key":" ","value":"100 ml"},{"key":"Energie","value":"266 kJ | 64 kcal | 3 %"},{"key":"Fett","value":"3,5 g | 5 %"},{"key":"Fett, davon gesättigte Fettsäuren","value":"2,1 g | 11 %"},{"key":"Kohlenhydrate","value":"4,7 g | 2 %"},{"key":"Kohlenhydrate, davon Zucker","value":"4,7 g | 5 %"},{"key":"Eiweiß","value":"3,3 g | 7 %"},{"key":"Salz","value":"0,1 g | 2 %"},{"key":"Kalzium","value":"120 mg | 15 %"}],"tags":[]},
    {"url":"https://www.interspar.at/shop/lebensmittel/p/6324353","data":[{"key":"price","value":"1,05 €"},{"key":"oldPrice","value":"\n\t\t\t\t\t\n\t\t\t\t\t \n\t\t\t\t"},{"key":"pricePerUnit","value":"(1.05 €/l)"},{"key":"productDetailsName","value":"NÖM - Halbfettmilch 1,5 % Fett länger frisch - 1 L"},{"key":"detailsDescription","value":"1 L"},{"key":"articleNumber","value":"Artikelnummer: 6324353"},{"key":"Lagerhinweis:","value":["Gekühlt (+ 6 °C) lagern und nach dem Öffnen innerhalb von 1-2 Tagen verbrauchen."]},{"key":"Zutaten:","value":["Zutaten: MILCH 1,5% Fett. In Großbuchstaben angegebene Zutaten enthalten allergene Inhaltsstoffe."]},{"key":"Allergene:","value":["Enthält:Milch und daraus gewonnene Erzeugnisse (inkl. Laktose)"]},{"key":"Identitätskennzeichen:","value":["AT 30960 EG"]},{"key":"Verbrauchen nach dem Öffnen:","value":["1 Tage"]},{"key":"Kontakt:","value":["NÖM AG","Vöslauer Straße 109, 2500 Baden, Österreich","0800 800 500"]}],"nutritions":[{"key":"","value":"Unzubereitet"},{"key":" ","value":"100 ml"},{"key":"Energie","value":"194 kJ | 46 kcal | 2 %"},{"key":"Fett","value":"1,5 g | 2 %"},{"key":"Fett, davon gesättigte Fettsäuren","value":"0,9 g | 5 %"},{"key":"Kohlenhydrate","value":"4,8 g | 2 %"},{"key":"Kohlenhydrate, davon Zucker","value":"4,8 g | 5 %"},{"key":"Eiweiß","value":"3,4 g | 7 %"},{"key":"Salz","value":"0,1 g | 2 %"},{"key":"Kalzium","value":"120 mg | 15 %"}],"tags":[]},
    {"url":"https://www.interspar.at/shop/lebensmittel/p/7702631","data":[{"key":"price","value":"1,19 €"},{"key":"oldPrice","value":"\n\t\t\t\t\t\n\t\t\t\t\t \n\t\t\t\t"},{"key":"pricePerUnit","value":"(1.19 €/l)"},{"key":"productDetailsName","value":"NÖM - Vollmilch 3,5 % Fett länger frisch - 1 L"},{"key":"detailsDescription","value":"1 L"},{"key":"articleNumber","value":"Artikelnummer: 7702631"},{"key":"Lagerhinweis:","value":["Gekühlt bei + 6 °C lagern und nach dem Öffnen innerhalb von 1-2 Tagen verbrauchen."]},{"key":"Zutaten:","value":["Zutaten: VOLLMILCH 3,5% Fett. In Großbuchstaben angegebene Zutaten enthalten allergene Inhaltsstoffe."]},{"key":"Allergene:","value":["Enthält:Milch und daraus gewonnene Erzeugnisse (inkl. Laktose)"]},{"key":"Identitätskennzeichen:","value":["AT 30960 EG"]},{"key":"Verbrauchen nach dem Öffnen:","value":["1 Tage"]},{"key":"Kontakt:","value":["NÖM AG","Vöslauer Straße 109, 2500 Baden, Österreich","0800 800 500"]}],"nutritions":[{"key":"","value":"Unzubereitet"},{"key":" ","value":"100 ml"},{"key":"Energie","value":"266 kJ | 64 kcal | 3 %"},{"key":"Fett","value":"3,5 g | 5 %"},{"key":"Fett, davon gesättigte Fettsäuren","value":"2,1 g | 11 %"},{"key":"Kohlenhydrate","value":"4,7 g | 2 %"},{"key":"Kohlenhydrate, davon Stärke","value":"4,7 g | 5 %"},{"key":"Eiweiß","value":"3,3 g | 7 %"},{"key":"Salz","value":"0,1 g | 2 %"},{"key":"Kalzium","value":"120 mg | 15 %"}],"tags":[]},
    {"url":"https://www.interspar.at/shop/lebensmittel/p/2020000586531","data":[{"key":"price","value":"0,99 €"},{"key":"oldPrice","value":"\n\t\t\t\t\t\n\t\t\t\t\t \n\t\t\t\t"},{"key":"pricePerUnit","value":"(0.99 €/l)"},{"key":"productDetailsName","value":"S-BUDGET - Vollmilch 3,5% Fett länger frisch - 1 L"},{"key":"detailsDescription","value":"1 L"},{"key":"articleNumber","value":"Artikelnummer: 2020000586531"},{"key":"Lagerhinweis:","value":["Nach dem Öffnen im Kühlschrank aufbewahren und innerhalb von 3-4 Tagen aufbrauchen."]},{"key":"Zutaten:","value":["Zutaten: VOLLMILCH. In Großbuchstaben angegebene Zutaten enthalten allergene Inhaltsstoffe."]},{"key":"Allergene:","value":["Enthält:Milch und daraus gewonnene Erzeugnisse (inkl. Laktose)"]},{"key":"Identitätskennzeichen:","value":["AT 30960 EG"]},{"key":"Ursprungsland/Herkunftsort:","value":["aus Österreich"]},{"key":"Verbrauchen nach dem Öffnen:","value":["3 Tage"]},{"key":"Kontakt:","value":["SPAR Österr. Warenhandels-AG","Europastraße 3, 5015 Salzburg, Österreich"]}],"nutritions":[{"key":"","value":"Unzubereitet"},{"key":" ","value":"100 ml"},{"key":"Energie","value":"266 kJ | 64 kcal"},{"key":"Fett","value":"3,5 g"},{"key":"Fett, davon gesättigte Fettsäuren","value":"2,1 g"},{"key":"Kohlenhydrate","value":"4,7 g"},{"key":"Kohlenhydrate, davon Zucker","value":"4,7 g"},{"key":"Ballaststoffe","value":"0 g"},{"key":"Eiweiß","value":"3,3 g"},{"key":"Salz","value":"0,1 g"},{"key":"Kalzium","value":"120 mg | 15 %"},{"key":"Broteinheiten","value":"0,4 BE"}],"tags":[]},
    {"url":"https://www.interspar.at/shop/lebensmittel/p/2020001310272","data":[{"key":"price","value":"2,99 €"},{"key":"oldPrice","value":"\n\t\t\t\t\t\n\t\t\t\t\t \n\t\t\t\t"},{"key":"pricePerUnit","value":"(11.96 €/kg)"},{"key":"productDetailsName","value":"SPAR PREMIUM - Asiago Stagionato D.O.P. 4 Monate gereift - 250 G"},{"key":"detailsDescription","value":"250 G"},{"key":"articleNumber","value":"Artikelnummer: 2020001310272"},{"key":"Lagerhinweis:","value":["Vor und nach dem Öffnen gekühlt zwischen +4°C und +7°C lagern. Nach dem Öffnen innerhalb von wenigen Tagen genießen."]},{"key":"Zutaten:","value":["Zutaten: thermisierte MILCH, Speisesalz unjodiert, tierisches Lab, Konservierungsstoff Lysozym (EI), Käsereikulturen, Konservierungsstoff Natamycin*, Calciumsorbat*. *in der Rinde. Rinde nicht zum Verzehr geeignet."]},{"key":"Allergene:","value":["Enthält:Eier und daraus gewonnene Erzeugnisse, Milch und daraus gewonnene Erzeugnisse (inkl. Laktose)"]},{"key":"Identitätskennzeichen:","value":["IT 05 260 CE"]},{"key":"Zusatztext:","value":["Genuss-Tipp.Genießen Sie den DESPAR PREMIUM Asiago Stagionato D.O.P. zu einem leichten Weißwein oder einem milden Roséwein."]},{"key":"Ursprungsland/Herkunftsort:","value":["aus Venetien"]},{"key":"Kontakt:","value":["SPAR Österr. Warenhandels-AG","Europastraße 3, 5015 Salzburg, Österreich","office@spar.at"]}],"nutritions":[{"key":"","value":"Unzubereitet"},{"key":" ","value":"100 g"},{"key":"Energie","value":"1797 kJ | 432 kcal"},{"key":"Fett","value":"35 g"},{"key":"Fett, davon gesättigte Fettsäuren","value":"25 g"},{"key":"Kohlenhydrate","value":"0,5 g"},{"key":"Kohlenhydrate, davon Zucker","value":"0 g"},{"key":"Ballaststoffe","value":"0 g"},{"key":"Eiweiß","value":"29 g"},{"key":"Salz","value":"1,7 g"},{"key":"Broteinheiten","value":"0 BE"}],"tags":["Gekühlt"]},
    {"url":"https://www.interspar.at/shop/lebensmittel/p/2020001313723","data":[{"key":"price","value":"1,34 €"},{"key":"oldPrice","value":"\n\t\t\t\t\t\n\t\t\t\t\t \n\t\t\t\t"},{"key":"pricePerUnit","value":"(26.90 €/kg)"},{"key":"productDetailsName","value":"SPAR PREMIUM - Pecorino Toscano D.O.P. - 1 KG"},{"key":"detailsDescription","value":"1 KG"},{"key":"articleNumber","value":"Artikelnummer: 2020001313723"},{"key":"Lagerhinweis:","value":["Gekühlt zwischen +4°C und +8°C lagern."]},{"key":"Zutaten:","value":["Zutaten: pasteurisierte SCHAFMILCH, Salz unjodiert, tierisches Lab, Farbstoff: Eisenoxide und Eisenhydroxide. In Großbuchstaben angegebene Zutaten enthalten allergene Inhaltsstoffe."]},{"key":"Allergene:","value":["Enthält:Milch und daraus gewonnene Erzeugnisse (inkl. Laktose)"]},{"key":"Identitätskennzeichen:","value":["IT R1B3Q CE"]},{"key":"Zusatztext:","value":["4 Monate gereift."]},{"key":"Ursprungsland/Herkunftsort:","value":["Sorgfältig hergestellt in Italien"]},{"key":"Kontakt:","value":["SPAR Österr. Warenhandels-AG","Europastraße 3, 5015 Salzburg, Österreich","office@spar.at"]}],"nutritions":[{"key":" ","value":"100 g"},{"key":"","value":"Unzubereitet"},{"key":"Energie","value":"1720 kJ | 420 kcal"},{"key":"Fett","value":"35 g"},{"key":"Fett, davon gesättigte Fettsäuren","value":"25 g"},{"key":"Kohlenhydrate","value":"0 g"},{"key":"Kohlenhydrate, davon Zucker","value":"0 g"},{"key":"Ballaststoffe","value":"0 g"},{"key":"Eiweiß","value":"25 g"},{"key":"Salz","value":"1,8 g"},{"key":"Broteinheiten","value":"0 BE"}],"tags":["Gekühlt"]},
    {"url":"https://www.interspar.at/shop/lebensmittel/p/189590","data":[{"key":"price","value":"0,99 €"},{"key":"oldPrice","value":"\n\t\t\t\t\t\n\t\t\t\t\t \n\t\t\t\t"},{"key":"pricePerUnit","value":"(5.50 €/kg)"},{"key":"productDetailsName","value":"Danone - Topfencreme Pfirsich - 180 G"},{"key":"detailsDescription","value":"180 G"},{"key":"articleNumber","value":"Artikelnummer: 189590"},{"key":"Lagerhinweis:","value":["Kühl bei maximal + 8°C lagern."]},{"key":"Zutaten:","value":["Zutaten: 41% MAGERTOPFEN, 31% RAHMJOGHURT, 8% Pfirsiche, Zucker, Glucose-Fructosesirup, modifizierte Stärke, MOLKENPROTEINE, Speisegelatine, Aroma, Farbstoffe Paprikaextrakt und Lutein. In Großbuchstaben angegebene Zutaten enthalten allergene Inhaltsstoffe."]},{"key":"Allergene:","value":["Enthält:Milch und daraus gewonnene Erzeugnisse (inkl. Laktose)"]},{"key":"Identitätskennzeichen:","value":["DE BY-119 EG"]},{"key":"Kontakt:","value":["Danone GmbH","Technologiestraße 10, 1120 Wien, Österreich"]}],"nutritions":[{"key":"","value":"Unzubereitet"},{"key":" ","value":"100 g"},{"key":"Energie","value":"493 kJ | 117 kcal | 6 %"},{"key":"Fett","value":"3 g | 4 %"},{"key":"Fett, davon gesättigte Fettsäuren","value":"1,9 g | 10 %"},{"key":"Kohlenhydrate","value":"16,8 g | 6 %"},{"key":"Kohlenhydrate, davon Zucker","value":"15,6 g | 17 %"},{"key":"Eiweiß","value":"5,6 g | 11 %"},{"key":"Salz","value":"0,1 g | 2 %"}],"tags":[]},
    {"url":"https://www.interspar.at/shop/lebensmittel/p/2020000968238","data":[{"key":"price","value":"0,79 €"},{"key":"oldPrice","value":"\n\t\t\t\t\t\n\t\t\t\t\t \n\t\t\t\t"},{"key":"pricePerUnit","value":"(5.27 €/kg)"},{"key":"productDetailsName","value":"Arla Skyr - Skyr Heidelbeere - Holunder - 150 G"},{"key":"detailsDescription","value":"150 G"},{"key":"articleNumber","value":"Artikelnummer: 2020000968238"},{"key":"Lagerhinweis:","value":["Bei +8°C lagern."]},{"key":"Zutaten:","value":["Zutaten: MAGERMILCH, Heidelbeeren (5%), Holunderbeeren (5%), Zucker, Stärke, Zitronensaft aus Fruchtsaftkonzentrat, natürliches Aroma, MILCHSÄUREKULTUREN, Lab. In Großbuchstaben angegebene Zutaten enthalten allergene Inhaltstoffe."]},{"key":"Allergene:","value":["Enthält:Milch und daraus gewonnene Erzeugnisse (inkl. Laktose)"]},{"key":"Identitätskennzeichen:","value":["DEMV006EG"]},{"key":"Kontakt:","value":["Arla Foods Deutschland GmbH","Wahlerstr. 2, 40472  Düsseldorf, Deutschland"]}],"nutritions":[{"key":"","value":"Unzubereitet"},{"key":" ","value":"100 g"},{"key":"Energie","value":"329 kJ | 78 kcal"},{"key":"Fett","value":"0,3 g"},{"key":"Fett, davon gesättigte Fettsäuren","value":"0,1 g"},{"key":"Kohlenhydrate","value":"9,7 g"},{"key":"Kohlenhydrate, davon Zucker","value":"9 g"},{"key":"Eiweiß","value":"9 g"},{"key":"Salz","value":"0,12 g"}],"tags":[]},
    {"url":"https://www.interspar.at/shop/lebensmittel/p/2020000968252","data":[{"key":"price","value":"0,79 €"},{"key":"oldPrice","value":"\n\t\t\t\t\t\n\t\t\t\t\t \n\t\t\t\t"},{"key":"pricePerUnit","value":"(5.27 €/kg)"},{"key":"productDetailsName","value":"Arla - Skyr Himbeere - Cranberry - 150 G"},{"key":"detailsDescription","value":"150 G"},{"key":"articleNumber","value":"Artikelnummer: 2020000968252"},{"key":"Lagerhinweis:","value":["Bei +8°C lagern."]},{"key":"Zutaten:","value":["Zutaten: MAGERMILCH, Himbeeren (6%), Zucker, Cranberries (4%), Stärke, natürliches Aroma, Zitronensaft aus Fruchtsaftkonzentrat, MILCHSÄUREKULTUREN, Lab. In Großbuchstaben angegebene Zutaten enthalten allergene Inhaltstoffe."]},{"key":"Allergene:","value":["Enthält:Milch und daraus gewonnene Erzeugnisse (inkl. Laktose)"]},{"key":"Identitätskennzeichen:","value":["DEMV006EG"]},{"key":"Kontakt:","value":["Arla Foods Deutschland GmbH","Wahlerstraße 2, 40472  Düsseldorf, Deutschland"]}],"nutritions":[{"key":"","value":"Unzubereitet"},{"key":" ","value":"100 g"},{"key":"Energie","value":"325 kJ | 77 kcal"},{"key":"Fett","value":"0,2 g"},{"key":"Fett, davon gesättigte Fettsäuren","value":"0,1 g"},{"key":"Kohlenhydrate","value":"9,8 g"},{"key":"Kohlenhydrate, davon Zucker","value":"9,1 g"},{"key":"Eiweiß","value":"8,9 g"},{"key":"Salz","value":"0,12 g"}],"tags":[]},
    {"url":"https://www.interspar.at/shop/lebensmittel/p/2209661","data":[{"key":"price","value":"0,80 €"},{"key":"oldPrice","value":"\n\t\t\t\t\t\n\t\t\t\t\t \n\t\t\t\t"},{"key":"pricePerUnit","value":"(15.90 €/kg)"},{"key":"productDetailsName","value":"Feinkost Leitinger - Aufstrich - 1 KG"},{"key":"detailsDescription","value":"1 KG"},{"key":"articleNumber","value":"Artikelnummer: 2209661"},{"key":"Lagerhinweis:","value":["bei +2° bis +6° Grad lagern"]},{"key":"Zutaten:","value":["Zutaten: SPEISETOPFEN 20%Fett, RAHMZUBEREITUNG 15%Fett (99% RAHM, Rindergelantine), Salatgurke, Weingeistessig, Speisesalz, natürliche Aromen, Gewürzauszüge, Süßungstmittel E954, Gewürze, Speisesalz, Zucker, Gewürzextrakte, Säureregulator E262, SäuerungsmittelE330, Speisewürze, BUTTERMILCH, pflanzliche Fette (Palm, Kokos), modifizierte Stärke, Emulgatoren E473, E471, E322 (aus SOJA), Verdickungsmittel  E412, E410, Paprikaflocken, Aroma, Paprikapulver, Gewürze, Paprikaextrakt. In Großbuchstaben angegebene Zutaten enthalten allergene Inhaltsstoffe."]},{"key":"Allergene:","value":["Enthält:Milch und daraus gewonnene Erzeugnisse (inkl. Laktose), Sojabohnen und daraus gewonnene Erzeugnisse"]},{"key":"Zubereitung:","value":["VerzehrfertigKeine weitere Zubereitung erforderlich"]},{"key":"Identitätskennzeichen:","value":["AT50737EG"]},{"key":"Ursprungsland/Herkunftsort:","value":["Österreich"]},{"key":"Kontakt:","value":["Feinkost Leitinger","Römerstraße 8, 5322 Hof bei Salzburg, Österreich"]}],"nutritions":[{"key":"","value":"Zubereitet"},{"key":" ","value":"100 g"},{"key":"Energie","value":"510 kJ | 122 kcal"},{"key":"Fett","value":"6,6 g"},{"key":"Fett, davon gesättigte Fettsäuren","value":"4 BE"},{"key":"Kohlenhydrate","value":"5,4 g"},{"key":"Kohlenhydrate, davon Zucker","value":"5,3 g"},{"key":"Ballaststoffe","value":"1,3 g"},{"key":"Eiweiß","value":"8,69 g"},{"key":"Salz","value":"1,89 g"},{"key":"Broteinheiten","value":"0,5 BE"}],"tags":["Gekühlt","Glutenfrei","Lactosefrei"]},
    {"url":"https://www.interspar.at/shop/lebensmittel/p/2216362","data":[{"key":"price","value":"0,60 €"},{"key":"oldPrice","value":"\n\t\t\t\t\t\n\t\t\t\t\tstatt 0,80 €\n\t\t\t\t"},{"key":"pricePerUnit","value":"(11.90 €/kg)"},{"key":"productDetailsName","value":"Feinkost Leitinger - Aufstrich - 1 KG"},{"key":"detailsDescription","value":"1 KG"},{"key":"articleNumber","value":"Artikelnummer: 2216362"},{"key":"Lagerhinweis:","value":["gekühlt lagern bei +2° bis +6°C"]},{"key":"Zutaten:","value":["Zutaten: HÜHNEREIER,Mayonnaise 50%Fett(Rapsöl,Wasser,Zucker, pasteurisiertes EIGELB,modifizierte Maisstärke,Weingeistessig,Salz,Gewürze(mit SENFSAAT),Gewürzextrakte,SäuerungsmittelE330, VerdickungsmittelE412,E415),SPEISETOPFEN 20%Fett,SENF(Wasser, SENFSAAT,Weingeistessig,Zucker,Speisesalz,Gewürze,Aroma),Aroma, Worcester Sauce(Weingeistessig,Melasse,MALZESSIG,Wasser, Zucker,Tamarinde,Salz,ANCHOVIS,Zwiebel,Knoblauch,Gewürze,Aromen), ANCHOVIS,Salz,Pflanzenöl,Wasser,Gelatine,SäuerungsmittelE260; AntioxidationsmittelE300,Salz,Pfeffer,Schnittlauch. In Großbuchstaben angegebene Zutaten enthalten allergene Inhaltsstoffe."]},{"key":"Allergene:","value":["Enthält:Eier und daraus gewonnene Erzeugnisse, Fische und daraus gewonnene Erzeugnisse, Glutenhaltiges Getreide und daraus hergestellte Erzeugnisse, Milch und daraus gewonnene Erzeugnisse (inkl. Laktose), Senf und daraus gewonnene Erzeugnisse"]},{"key":"Zubereitung:","value":["VerzehrfertigKeine weitere Zubereitung erforderlich"]},{"key":"Identitätskennzeichen:","value":["AT 50737EG"]},{"key":"Ursprungsland/Herkunftsort:","value":["Österreich"]},{"key":"Kontakt:","value":["Feinkost Leitinger","Römerstraße 8, 5322 Hof bei Salzburg, Österreich"]}],"nutritions":[{"key":"","value":"Zubereitet"},{"key":" ","value":"100 g"},{"key":"Energie","value":"1033 kJ | 249 kcal"},{"key":"Fett","value":"22,1 g"},{"key":"Fett, davon gesättigte Fettsäuren","value":"3 BE"},{"key":"Kohlenhydrate","value":"3,6 g"},{"key":"Kohlenhydrate, davon Zucker","value":"1,6 g"},{"key":"Ballaststoffe","value":"0,2 g"},{"key":"Eiweiß","value":"8,69 g"},{"key":"Salz","value":"1,11 g"},{"key":"Broteinheiten","value":"0,3 BE"}],"tags":["Gekühlt"]},
    {"url":"https://www.interspar.at/shop/lebensmittel/p/2254197","data":[{"key":"price","value":"0,80 €"},{"key":"oldPrice","value":"\n\t\t\t\t\t\n\t\t\t\t\t \n\t\t\t\t"},{"key":"pricePerUnit","value":"(15.90 €/kg)"},{"key":"productDetailsName","value":"Feinkost Leitinger - Knoblauch Käse Aufstrich - 1 KG"},{"key":"detailsDescription","value":"1 KG"},{"key":"articleNumber","value":"Artikelnummer: 2254197"},{"key":"Lagerhinweis:","value":["gekühlt lagern bei +2° bis +6°"]},{"key":"Zutaten:","value":["Zutaten: Mayonnaise 50% Fett (Rapsöl, Wasser, Zucker, pasteurisiertes EIGELB (aus Freiland-Eiern), modifizierte Maisstärke, Weingeistessig, Speisesalz, Gewürze (mit SENFSAAT), Gewürzextrakte, Säuerungsmittel: Zitronensäure E330, Verdickungsmittel: Guarkernmehl E412, Xanthan E415), KÄSE 45 % Fett, Wasser, Knoblauch (enthält SULFITE), Salz jodiert, Aroma, Pfeffer. In Großbuchstaben angegebene Zutaten enthalten allergene Inhaltsstoffe."]},{"key":"Allergene:","value":["Enthält:Eier und daraus gewonnene Erzeugnisse, Milch und daraus gewonnene Erzeugnisse (inkl. Laktose), Schwefeldioxid und Sulphite, Senf und daraus gewonnene Erzeugnisse"]},{"key":"Zubereitung:","value":["VerzehrfertigKeine weitere Zubereitung erforderlich"]},{"key":"Identitätskennzeichen:","value":["AT50737EG"]},{"key":"Ursprungsland/Herkunftsort:","value":["Österreich"]},{"key":"Kontakt:","value":["Feinkost Leitinger","Römerstraße 8, 5322 Hof bei Salzburg, Österreich"]}],"nutritions":[{"key":"","value":"Zubereitet"},{"key":" ","value":"100 g"},{"key":"Energie","value":"1707 kJ | 413 kcal"},{"key":"Fett","value":"38,5 g"},{"key":"Fett, davon gesättigte Fettsäuren","value":"9 BE"},{"key":"Kohlenhydrate","value":"5,1 g"},{"key":"Kohlenhydrate, davon Zucker","value":"0,3 g"},{"key":"Ballaststoffe","value":"0,3 g"},{"key":"Eiweiß","value":"11 g"},{"key":"Salz","value":"2,15 g"},{"key":"Broteinheiten","value":"0,4 BE"}],"tags":["Gekühlt"]},
    {"url":"https://www.interspar.at/shop/lebensmittel/p/5724901","data":[{"key":"price","value":"1,69 €"},{"key":"oldPrice","value":"\n\t\t\t\t\t\n\t\t\t\t\t \n\t\t\t\t"},{"key":"pricePerUnit","value":"(6.76 €/kg)"},{"key":"productDetailsName","value":"Becel - Vital - 250 G"},{"key":"detailsDescription","value":"250 G"},{"key":"articleNumber","value":"Artikelnummer: 5724901"},{"key":"Lagerhinweis:","value":["Beste Lagerung zwischen +2°C und +15°C."]},{"key":"Zutaten:","value":["Zutaten: Trinkwasser, 26% pflanzliche Öle und Fette (Sonnenblumen, Leinsamen, Palm, Raps), Emulgator: Mono- und Diglyceride von Speisefettsäuren, Speisesalz (0,1%), Vitamine (A, D, E), Säuerungsmittel: Citronensäure, natürliches Aroma, Farbstoff: Carotine. In Großbuchstaben angegebene Zutaten enthalten allergene Inhaltstoffe."]},{"key":"","value":["Reich an mehrfach ungesättigten Fettsäuren (Omega 3 und 6).Streng natriumarm.Mindestens 60% weniger gesättigte Fettsäuren als Halbfettbutter, mindestens 60% weniger gesättigte Fettsäuren als Butter."]},{"key":"Verwendungshinweis:","value":["Zum Braten nicht geeignet."]},{"key":"Kontakt:","value":["Unilever Austria GmbH","Stella-Klein-Löw-Weg 13, Postfach 10, 1023 Wien, Österreich","0810/200782","www.knorr.co.at"]}],"nutritions":[{"key":"","value":"Unzubereitet"},{"key":" ","value":"100 g"},{"key":"Energie","value":"1110 kJ | 269 kcal"},{"key":"Fett","value":"30 g"},{"key":"Fett, davon gesättigte Fettsäuren","value":"6 g"},{"key":"Fett, davon einfach ungesättigte Fettsäuren","value":"7,6 g"},{"key":"Fett, davon mehrfach ungesättigte Fettsäuren","value":"16 g"},{"key":"Kohlenhydrate","value":"0 g"},{"key":"Kohlenhydrate, davon Zucker","value":"0 g"},{"key":"Eiweiß","value":"0 g"},{"key":"Salz","value":"0,1 g"},{"key":"Vitamin A","value":"800 µg | 100 %"},{"key":"Vitamin D","value":"7,5 µg | 150 %"},{"key":"Vitamin E","value":"16 mg | 133 %"}],"tags":["Vegan","Lactosefrei"]},
    {"url":"https://www.interspar.at/shop/lebensmittel/p/5964789","data":[{"key":"price","value":"0,99 €"},{"key":"oldPrice","value":"\n\t\t\t\t\t\n\t\t\t\t\t \n\t\t\t\t"},{"key":"pricePerUnit","value":"(5.50 €/kg)"},{"key":"productDetailsName","value":"Danone - Topfencreme Nektarine-Himbeere - 180 G"},{"key":"detailsDescription","value":"180 G"},{"key":"articleNumber","value":"Artikelnummer: 5964789"},{"key":"Lagerhinweis:","value":["Kühl bei maximal +8°C lagern."]},{"key":"Zutaten:","value":["Zutaten: 41% MAGERTOPFEN, 31% RAHMJOGHURT, Zucker, Glucose-Fructosesirup, 4,5% Nektarinen, 3,6% Himbeeren, modifizierte Stärke, MOLKENPROTEINE, Speisegelatine, färbendes Konzentrat Karotte, Aroma. In Großbuchstaben angegebene Zutaten enthalten allergene Inhaltsstoffe."]},{"key":"Allergene:","value":["Enthält:Milch und daraus gewonnene Erzeugnisse (inkl. Laktose)"]},{"key":"Identitätskennzeichen:","value":["DE BY-119 EG"]},{"key":"Kontakt:","value":["Danone GmbH","Technologiestraße 10, 1120 Wien, Österreich"]}],"nutritions":[{"key":"","value":"Unzubereitet"},{"key":" ","value":"100 g"},{"key":"Energie","value":"500 kJ | 119 kcal | 6 %"},{"key":"Fett","value":"3 g | 4 %"},{"key":"Fett, davon gesättigte Fettsäuren","value":"1,9 g | 10 %"},{"key":"Kohlenhydrate","value":"17,1 g | 7 %"},{"key":"Kohlenhydrate, davon Zucker","value":"16 g | 18 %"},{"key":"Eiweiß","value":"5,6 g | 11 %"},{"key":"Salz","value":"0,1 g | 2 %"}],"tags":[]},
    {"url":"https://www.interspar.at/shop/lebensmittel/p/6079161","data":[{"key":"price","value":"1,99 €"},{"key":"oldPrice","value":"\n\t\t\t\t\t\n\t\t\t\t\t \n\t\t\t\t"},{"key":"pricePerUnit","value":"(13.27 €/kg)"},{"key":"productDetailsName","value":"Die Käsemacher - Echter Liptauer - 150 G"},{"key":"detailsDescription","value":"150 G"},{"key":"articleNumber","value":"Artikelnummer: 6079161"},{"key":"Lagerhinweis:","value":["Ungeöffnet und gekühlt (von +4°C bis +7°C) lagern. Nach dem Öffnen innerhalb von 3 Tagen verbrauchen."]},{"key":"Zutaten:","value":["Zutaten: 34% FRISCHKÄSE, 25% SCHAFFRISCHKÄSE, 17% SCHLAGOBERS, 7% Zwiebel, 4% BUTTER, 3% Gurken, 2% SAUERRAHM, MOLKENPULVER, Kapern, Paprika, Speisesalz, Gewürze, Konservierungsstoff: Kaliumsorbat, Verdickungsmittel: Guarkernmehl). In Großbuchstaben angegebene Zutaten enthalten allergene Inhaltsstoffe."]},{"key":"Allergene:","value":["Enthält:Milch und daraus gewonnene Erzeugnisse (inkl. Laktose)"]},{"key":"Identitätskennzeichen:","value":["AT 30209 EG"]},{"key":"Verbrauchen nach dem Öffnen:","value":["3 Tage"]},{"key":"Kontakt:","value":["Die Käsemacher","Europastraße 5, 3902 Vitis, Österreich"]}],"nutritions":[{"key":"","value":"Unzubereitet"},{"key":" ","value":"100 g"},{"key":"Energie","value":"932 kJ | 225 kcal"},{"key":"Fett","value":"18 g"},{"key":"Fett, davon gesättigte Fettsäuren","value":"12 g"},{"key":"Kohlenhydrate","value":"5,3 g"},{"key":"Kohlenhydrate, davon Zucker","value":"4,4 g"},{"key":"Eiweiß","value":"9,8 g"},{"key":"Salz","value":"1,2 g"}],"tags":["Gekühlt","Glutenfrei"]},
    {"url":"https://www.interspar.at/shop/lebensmittel/p/6906610","data":[{"key":"price","value":"0,69 €"},{"key":"oldPrice","value":"\n\t\t\t\t\t\n\t\t\t\t\t \n\t\t\t\t"},{"key":"pricePerUnit","value":"(7.67 €/kg)"},{"key":"productDetailsName","value":"Ehrmann Monsterbacke - Erdbeere - 90 G"},{"key":"detailsDescription","value":"90 G"},{"key":"articleNumber","value":"Artikelnummer: 6906610"},{"key":"Lagerhinweis:","value":["Bei maximal + 8 °C lagern."]},{"key":"Zutaten:","value":["Zutaten: FRISCHKÄSE, Zucker, Erdbeeren, modifizierte Stärke, färbendes Rote Betesaft- und Karottenkonzentrat, Calciumcarbonat, Verdickungsmittel: Guarkernmehl, Xanthan; natürliches Aroma. In Großbuchstaben angegebene Zutaten enthalten allergene Inhaltsstoffe."]},{"key":"Allergene:","value":["Enthält:Milch und daraus gewonnene Erzeugnisse (inkl. Laktose)"]},{"key":"Identitätskennzeichen:","value":["DE BY 77727 EG"]},{"key":"Verwendungshinweis:","value":["Warnung: Verschluss vor Kleinkindern sichern!"]},{"key":"Kontakt:","value":["Ehrmann AG","Hauptstraße 19, 87770 Oberschönegg, Deutschland"]}],"nutritions":[{"key":"","value":"Unzubereitet"},{"key":" ","value":"100 g"},{"key":"Energie","value":"441 kJ | 105 kcal"},{"key":"Fett","value":"2,9 g"},{"key":"Fett, davon gesättigte Fettsäuren","value":"1,9 g"},{"key":"Kohlenhydrate","value":"14 g"},{"key":"Kohlenhydrate, davon Zucker","value":"13 g"},{"key":"Eiweiß","value":"5,6 g"},{"key":"Salz","value":"0,1 g"},{"key":"Kalzium","value":"130 mg | 16 %"}],"tags":[]},
    {"url":"https://www.interspar.at/shop/lebensmittel/p/6906665","data":[{"key":"price","value":"0,69 €"},{"key":"oldPrice","value":"\n\t\t\t\t\t\n\t\t\t\t\t \n\t\t\t\t"},{"key":"pricePerUnit","value":"(7.67 €/kg)"},{"key":"productDetailsName","value":"Ehrmann Monsterbacke - Banane - 90 G"},{"key":"detailsDescription","value":"90 G"},{"key":"articleNumber","value":"Artikelnummer: 6906665"},{"key":"Lagerhinweis:","value":["Bei maximal + 8 °C lagern."]},{"key":"Zutaten:","value":["Zutaten: FRISCHKÄSE, Zucker, Bananen, modifizierte Stärke, Calciumcarbonat, Verdickungsmittel: Guarkernmehl, Xanthan; natürliches Aroma. In Großbuchstaben angegebene Zutaten enthalten allergene Inhaltsstoffe."]},{"key":"Allergene:","value":["Enthält:Milch und daraus gewonnene Erzeugnisse (inkl. Laktose)"]},{"key":"Identitätskennzeichen:","value":["DE BY 77727 EG"]},{"key":"Verwendungshinweis:","value":["Warnung: Verschluss vor Kleinkindern sichern!"]},{"key":"Kontakt:","value":["Ehrmann AG","Hauptstraße 19, 87770 Oberschönegg, Deutschland"]}],"nutritions":[{"key":"","value":"Unzubereitet"},{"key":" ","value":"100 g"},{"key":"Energie","value":"441 kJ | 105 kcal"},{"key":"Fett","value":"2,9 g"},{"key":"Fett, davon gesättigte Fettsäuren","value":"1,9 g"},{"key":"Kohlenhydrate","value":"14 g"},{"key":"Kohlenhydrate, davon Zucker","value":"13 g"},{"key":"Eiweiß","value":"5,6 g"},{"key":"Salz","value":"0,1 g"},{"key":"Kalzium","value":"130 mg | 16 %"}],"tags":[]},
    {"url":"https://www.interspar.at/shop/lebensmittel/p/8200693","data":[{"key":"price","value":"1,45 €"},{"key":"oldPrice","value":"\n\t\t\t\t\t\n\t\t\t\t\t \n\t\t\t\t"},{"key":"pricePerUnit","value":"(9.67 €/kg)"},{"key":"productDetailsName","value":"Wojnar's - Liptauer scharf - 150 G"},{"key":"detailsDescription","value":"150 G"},{"key":"articleNumber","value":"Artikelnummer: 8200693"},{"key":"Lagerhinweis:","value":["Gekühlt lagern bei +2°C bis +7°C. Nach dem Öffnen innerhalb von 5 Tagen verbrauchen."]},{"key":"Zutaten:","value":["Zutaten: 72% TOPFEN 50% F.i.T., 5% BUTTER, 5% BRIMSEN/SCHAFFRISCHKÄSE 18% F.i.T., Gemüseerzeugnis (Gurken, Zwiebeln, Paprika, Zucker, Weingeistessig, Konservierungsstoff: Natriumbenzoat), Maisstärke, Tomatenmark, SENFMEHL, Farbstoff: Paprikaextrakt; Speisesalz, Knoblauch, Gewürze, Säuerungsmittel: Milchsäure, Citronensäure; Verdickungsmittel: Johannisbrotkernmehl, Xanthan, Guarkernmehl, Agar-Agar; Konservierungsstoff: Kaliumsorbat. In Großbuchstaben angegebene Zutaten enthalten allergene Inhaltsstoffe."]},{"key":"Allergene:","value":["Enthält:Milch und daraus gewonnene Erzeugnisse (inkl. Laktose), Senf und daraus gewonnene Erzeugnisse"]},{"key":"Verbrauchen nach dem Öffnen:","value":["5 Tage"]},{"key":"Kontakt:","value":["Wojnar's Wiener Leckerbissen Delikatessenerzeugung GmbH","Laxenburger Straße 250, 1230 Wien, Österreich"]}],"nutritions":[{"key":"","value":"Unzubereitet"},{"key":" ","value":"100 g"},{"key":"Energie","value":"851 kJ | 205 kcal"},{"key":"Fett","value":"17 g"},{"key":"Fett, davon gesättigte Fettsäuren","value":"10 g"},{"key":"Kohlenhydrate","value":"4,7 g"},{"key":"Kohlenhydrate, davon Zucker","value":"3,7 g"},{"key":"Eiweiß","value":"8,1 g"},{"key":"Salz","value":"1,3 g"}],"tags":["Gekühlt"]},
    {"url":"https://www.interspar.at/shop/lebensmittel/p/8200709","data":[{"key":"price","value":"1,45 €"},{"key":"oldPrice","value":"\n\t\t\t\t\t\n\t\t\t\t\t \n\t\t\t\t"},{"key":"pricePerUnit","value":"(9.67 €/kg)"},{"key":"productDetailsName","value":"Wojnar's - Liptauer mild - 150 G"},{"key":"detailsDescription","value":"150 G"},{"key":"articleNumber","value":"Artikelnummer: 8200709"},{"key":"Lagerhinweis:","value":["Gekühlt lagern bei +2°C bis +7°C. Nach dem Öffnen innerhalb von 5 Tagen verbrauchen."]},{"key":"Zutaten:","value":["Zutaten: 75% TOPFEN 50% F.i.T., 5% BUTTER, 5% BRIMSEN/SCHAFFRISCHKÄSE 18% F.i.T., Gemüseerzeugnis (Gurken, Zwiebeln, Paprika, Zucker, Weingeistessig, Konservierungsstoff: Natriumbenzoat), Maisstärke, SENFMEHL, Tomatenmark, Kapern, Speisesalz, Gewürze, Säuerungsmittel: Milchsäure; Verdickungsmittel: Guarkernmehl, Johannisbrotkernmehl, Xanthan, Agar-Agar; Konservierungsstoff: Kaliumsorbat. In Großbuchstaben angegebene Zutaten enthalten allergene Inhaltsstoffe."]},{"key":"Allergene:","value":["Enthält:Milch und daraus gewonnene Erzeugnisse (inkl. Laktose), Senf und daraus gewonnene Erzeugnisse"]},{"key":"Verbrauchen nach dem Öffnen:","value":["5 Tage"]},{"key":"Kontakt:","value":["Wojnar's Wiener Leckerbissen Delikatessenerzeugung GmbH","Laxenburger Straße 250, 1230 Wien, Österreich"]}],"nutritions":[{"key":"","value":"Unzubereitet"},{"key":" ","value":"100 g"},{"key":"Energie","value":"818 kJ | 197 kcal"},{"key":"Fett","value":"16 g"},{"key":"Fett, davon gesättigte Fettsäuren","value":"10 g"},{"key":"Kohlenhydrate","value":"4,6 g"},{"key":"Kohlenhydrate, davon Zucker","value":"3,7 g"},{"key":"Eiweiß","value":"8,4 g"},{"key":"Salz","value":"1,3 g"}],"tags":["Gekühlt"]},
    {"url":"https://www.interspar.at/shop/lebensmittel/p/8184870","data":[{"key":"price","value":"0,49 €"},{"key":"oldPrice","value":"\n\t\t\t\t\t\n\t\t\t\t\t \n\t\t\t\t"},{"key":"pricePerUnit","value":"(1.96 €/l)"},{"key":"productDetailsName","value":"NÖM - Schulmilch 1,8 % Fett länger frisch - 250 ML"},{"key":"detailsDescription","value":"250 ML"},{"key":"articleNumber","value":"Artikelnummer: 8184870"},{"key":"Lagerhinweis:","value":["Gekühlt (+ 6 °C) lagern und nach dem Öffnen innerhalb von 1-2 Tagen verbrauchen."]},{"key":"Zutaten:","value":["Zutaten: Teilentrahmte gentechnikfreie MILCH* mit 1,8% Fett, Vitamin D. *laut Definition des Österreichischen Lebensmittekcodex für gentechnikfreie Produktion; Kontrolle durch agroVet GmbH. In Großbuchstaben angegebene Zutaten enthalten allergene Inhaltsstoffe."]},{"key":"Allergene:","value":["Enthält:Milch und daraus gewonnene Erzeugnisse (inkl. Laktose)"]},{"key":"","value":["mit Vitamin D"]},{"key":"Identitätskennzeichen:","value":["AT 30960 EG"]},{"key":"Verbrauchen nach dem Öffnen:","value":["1 Tage"]},{"key":"Kontakt:","value":["NÖM AG","Vöslauer Straße 109, 2500 Baden, Österreich","0800 800 500"]}],"nutritions":[{"key":"","value":"Unzubereitet"},{"key":" ","value":"100 ml"},{"key":"Energie","value":"212 kJ | 50 kcal | 3 %"},{"key":"Fett","value":"1,8 g | 3 %"},{"key":"Fett, davon gesättigte Fettsäuren","value":"1,1 g | 6 %"},{"key":"Kohlenhydrate","value":"5 g | 2 %"},{"key":"Kohlenhydrate, davon Zucker","value":"5 g | 6 %"},{"key":"Eiweiß","value":"3,7 g | 7 %"},{"key":"Salz","value":"0,1 g | 2 %"},{"key":"Vitamin D","value":"0,75 µg | 15 %"},{"key":"Kalzium","value":"120 mg | 15 %"}],"tags":[]},
    {"url":"https://www.interspar.at/shop/lebensmittel/p/2020001876563","data":[{"key":"price","value":"2,69 €"},{"key":"oldPrice","value":"\n\t\t\t\t\t\n\t\t\t\t\t \n\t\t\t\t"},{"key":"pricePerUnit","value":"(13.45 €/kg)"},{"key":"productDetailsName","value":"SPAR - West Country Farmhouse Cheddar - 200 G"},{"key":"detailsDescription","value":"200 G"},{"key":"articleNumber","value":"Artikelnummer: 2020001876563"},{"key":"Lagerhinweis:","value":["Gekühlt lagern. Nach dem Öffnen alsbald genießen."]},{"key":"Zutaten:","value":["Zutaten: KUHMILCH pasteurisiert, Salz unjodiert, mikrobielles Lab, Käsereikulturen. In Großbuchstaben angegebene Zutaten enthalten allergene Inhaltsstoffe."]},{"key":"Allergene:","value":["Enthält:Milch und daraus gewonnene Erzeugnisse (inkl. Laktose)"]},{"key":"Identitätskennzeichen:","value":["UK UW021 EC"]},{"key":"Zusatztext:","value":["mind. 9 Monate gereift"]},{"key":"Ursprungsland/Herkunftsort:","value":["Sorgfältig hergestellt in Großbritannien"]},{"key":"Kontakt:","value":["SPAR Österr. Warenhandels-AG","Europastraße 3, 5015 Salzburg, Österreich","office@spar.at"]}],"nutritions":[{"key":"","value":"Unzubereitet"},{"key":" ","value":"100 g"},{"key":"Energie","value":"1700 kJ | 410 kcal"},{"key":"Fett","value":"34 g"},{"key":"Fett, davon gesättigte Fettsäuren","value":"22 g"},{"key":"Kohlenhydrate","value":"< 0,5 g"},{"key":"Kohlenhydrate, davon Zucker","value":"< 0,5 g"},{"key":"Ballaststoffe","value":"0 g"},{"key":"Eiweiß","value":"25 g"},{"key":"Salz","value":"1,8 g"},{"key":"Broteinheiten","value":"0 BE"}],"tags":["Gekühlt"]},
    {"url":"https://www.interspar.at/shop/lebensmittel/p/2020001905355","data":[{"key":"price","value":"1,49 €"},{"key":"oldPrice","value":"\n\t\t\t\t\t\n\t\t\t\t\t \n\t\t\t\t"},{"key":"pricePerUnit","value":"(8.28 €/kg)"},{"key":"productDetailsName","value":"SPAR - Brie 60% F.i.T. - 180 G"},{"key":"detailsDescription","value":"180 G"},{"key":"articleNumber","value":"Artikelnummer: 2020001905355"},{"key":"Lagerhinweis:","value":["Bei +4°C bis +8°C lagern!"]},{"key":"Allergene:","value":["Enthält:Milch und daraus gewonnene Erzeugnisse (inkl. Laktose)"]},{"key":"Identitätskennzeichen:","value":["FR 55.154 001 CE"]},{"key":"Ursprungsland/Herkunftsort:","value":["Hergestellt in Frankreich"]},{"key":"Kontakt:","value":["BUYING INTERNATIONAL GROUP SPAR B.V.","ROKIN 99-101, 1012 KM AMSTERDAM (NL)"]}],"nutritions":[{"key":"","value":"Unzubereitet"},{"key":" ","value":"100 g"},{"key":"Energie","value":"1441 kJ | 348 kcal"},{"key":"Fett","value":"31 g"},{"key":"Fett, davon gesättigte Fettsäuren","value":"21 g"},{"key":"Kohlenhydrate","value":"1 g"},{"key":"Kohlenhydrate, davon Zucker","value":"1 g"},{"key":"Ballaststoffe","value":"< 0,5 g"},{"key":"Eiweiß","value":"17 g"},{"key":"Salz","value":"1,4 g"}],"tags":[]},
    {"url":"https://www.interspar.at/shop/lebensmittel/p/4883968","data":[{"key":"price","value":"1,79 €"},{"key":"oldPrice","value":"\n\t\t\t\t\t\n\t\t\t\t\t \n\t\t\t\t"},{"key":"pricePerUnit","value":"(8.95 €/kg)"},{"key":"productDetailsName","value":"SPAR - Französischer Weichkäse 60% F. i. T. - 200 G"},{"key":"detailsDescription","value":"200 G"},{"key":"articleNumber","value":"Artikelnummer: 4883968"},{"key":"Lagerhinweis:","value":["Vor und nach dem Öffnen gekühlt lagern. Nach dem Öffnen innerhalb von 3 Tagen verzehren."]},{"key":"Zutaten:","value":["Zutaten: KUHMILCH pasteurisiert, SAHNE, Salz, Milchsäurebakterien, Penicillium camemberti. In Großbuchstaben angegebene Zutaten enthalten allergene Inhaltsstoffe."]},{"key":"Allergene:","value":["Enthält:Milch und daraus gewonnene Erzeugnisse (inkl. Laktose)"]},{"key":"Identitätskennzeichen:","value":["FR 57.060.001 CE"]},{"key":"Ursprungsland/Herkunftsort:","value":["Sorgfältig hergestellt in Frankreich"]},{"key":"Verbrauchen nach dem Öffnen:","value":["3 Tage"]},{"key":"Kontakt:","value":["SPAR Österr. Warenhandels-AG","Europastraße 3, 5015 Salzburg, Österreich"]}],"nutritions":[{"key":" ","value":"100 g"},{"key":"","value":"Unzubereitet"},{"key":"Energie","value":"1470 kJ | 355 kcal"},{"key":"Fett","value":"31 g"},{"key":"Fett, davon gesättigte Fettsäuren","value":"20 g"},{"key":"Kohlenhydrate","value":"< 0,5 g"},{"key":"Kohlenhydrate, davon Zucker","value":"< 0,5 g"},{"key":"Ballaststoffe","value":"< 0,5 g"},{"key":"Eiweiß","value":"19 g"},{"key":"Salz","value":"1,5 g"},{"key":"Broteinheiten","value":"0 BE"}],"tags":["Glutenfrei"]},
    {"url":"https://www.interspar.at/shop/lebensmittel/p/5185757","data":[{"key":"price","value":"1,89 €"},{"key":"oldPrice","value":"\n\t\t\t\t\t\n\t\t\t\t\t \n\t\t\t\t"},{"key":"pricePerUnit","value":"(7.56 €/kg)"},{"key":"productDetailsName","value":"SPAR - Camembert 45% F.i.T. - 250 G"},{"key":"detailsDescription","value":"250 G"},{"key":"articleNumber","value":"Artikelnummer: 5185757"},{"key":"Lagerhinweis:","value":["Vor und nach dem Öffnen gekühlt lagern! Nach dem Öffnen innerhalb von 3 Tagen verzehren."]},{"key":"Zutaten:","value":["Zutaten: pasteurisierte KUHMILCH, Lab, Speisesalz, Käsereikulturen. In Großbuchstaben angegebene Zutaten enthalten allergene Inhaltsstoffe."]},{"key":"Allergene:","value":["Enthält:Milch und daraus gewonnene Erzeugnisse (inkl. Laktose)"]},{"key":"Identitätskennzeichen:","value":["FR 50.168.001 CE"]},{"key":"Ursprungsland/Herkunftsort:","value":["Sorgfältig hergestellt in Frankreich"]},{"key":"Verbrauchen nach dem Öffnen:","value":["3 Tage"]},{"key":"Kontakt:","value":["SPAR Österr. Warenhandels-AG","Europastraße 3, 5015 Salzburg, Österreich"]}],"nutritions":[{"key":" ","value":"100 g"},{"key":"","value":"Unzubereitet"},{"key":"Energie","value":"1134 kJ | 273 kcal"},{"key":"Fett","value":"21 g"},{"key":"Fett, davon gesättigte Fettsäuren","value":"15 g"},{"key":"Kohlenhydrate","value":"1 g"},{"key":"Kohlenhydrate, davon Zucker","value":"< 0,5 g"},{"key":"Ballaststoffe","value":"< 0,5 g"},{"key":"Eiweiß","value":"20 g"},{"key":"Salz","value":"1,5 g"},{"key":"Broteinheiten","value":"0,1 BE"}],"tags":["Glutenfrei"]},
    {"url":"https://www.interspar.at/shop/lebensmittel/p/1332513","data":[{"key":"price","value":"1,29 €"},{"key":"oldPrice","value":"\n\t\t\t\t\t\n\t\t\t\t\t \n\t\t\t\t"},{"key":"pricePerUnit","value":"(5.16 €/kg)"},{"key":"productDetailsName","value":"Lätta - Original Original - 250 G"},{"key":"detailsDescription","value":"250 G"},{"key":"articleNumber","value":"Artikelnummer: 1332513"},{"key":"Lagerhinweis:","value":["Beste Lagerung zwischen +2°C und +15°C"]},{"key":"Zutaten:","value":["Zutaten: Trinkwasser, pflanzliche Öle und Fette (Palm, Shea, Sonnenblumen), 16% Rapsöl, 10% BUTTERMILCH, modifizierte Stärke, Speisesalz (0,5%), Emulgatoren (Mono- und Diglyceride von Speisefettsäuren, Lecithine), Konservierungsstoff (Kaliumsorbat), Säuerungsmittel (Milchsäure), Aroma, Vitamine (A, D), Farbstoff (Carotin). In Großbuchstaben angegebene Zutaten enthalten allergene Inhaltstoffe."]},{"key":"Allergene:","value":["Enthält:Milch und daraus gewonnene Erzeugnisse (inkl. Laktose)"]},{"key":"","value":["natürlich frischer Geschmack, Unilever setzt sich für nachhaltiges Palmöl ein, Infos unter: www.unilever.de(.at,.ch)/nachhaltigkeit, hergestellt mit bestem Rapsöl und Buttermilch"]},{"key":"Kontakt:","value":["Unilever Austria GmbH","Stella-Klein-Löw-Weg 13, 1023 Wien, Österreich"]}],"nutritions":[{"key":"","value":"Unzubereitet"},{"key":" ","value":"100 g"},{"key":"Energie","value":"1420 kJ | 338 kcal"},{"key":"Fett","value":"37 g"},{"key":"Fett, davon gesättigte Fettsäuren","value":"13 g"},{"key":"Kohlenhydrate","value":"1,9 g"},{"key":"Kohlenhydrate, davon Zucker","value":"0,5 g"},{"key":"Eiweiß","value":"< 0,5 g"},{"key":"Salz","value":"0,53 g"},{"key":"Vitamin A","value":"800 µg"},{"key":"Vitamin D","value":"7,5 µg"}],"tags":[]},
    {"url":"https://www.interspar.at/shop/lebensmittel/p/2020000578260","data":[{"key":"price","value":"1,39 €"},{"key":"oldPrice","value":"\n\t\t\t\t\t\n\t\t\t\t\t \n\t\t\t\t"},{"key":"pricePerUnit","value":"(27.90 €/kg)"},{"key":"productDetailsName","value":"Sennerei Zillertal - Schafskäse Edelschaf - 1 KG"},{"key":"detailsDescription","value":"1 KG"},{"key":"articleNumber","value":"Artikelnummer: 2020000578260"},{"key":"Lagerhinweis:","value":["Gekühlt bei 4-6°C lagern."]},{"key":"Zutaten:","value":["Zutaten: pasteurisierte SCHAFMILCH, unjodiertes Speisesalz, Naturlab, Mikroorganismenkulturen. In Großbuchstaben angegebene Zutaten enthalten allergene Inhaltsstoffe."]},{"key":"Allergene:","value":["Enthält:Milch und daraus gewonnene Erzeugnisse (inkl. Laktose)"]},{"key":"","value":["Laktosefrei"]},{"key":"Identitätskennzeichen:","value":["AT70128"]},{"key":"Ursprungsland/Herkunftsort:","value":["Tirol"]},{"key":"Kontakt:","value":["Sennerei Zillertal","Hollenzen 116, 6290 Mayrhofen, Österreich","office@sennerei-zillertal.at"]}],"nutritions":[{"key":"","value":"Unzubereitet"},{"key":" ","value":"100 g"},{"key":"Energie","value":"1535 kJ | 370 kcal"},{"key":"Fett","value":"30 g"},{"key":"Fett, davon gesättigte Fettsäuren","value":"20 g"},{"key":"Kohlenhydrate","value":"0 g"},{"key":"Kohlenhydrate, davon Zucker","value":"0 g"},{"key":"Eiweiß","value":"25 g"},{"key":"Salz","value":"1,5 g"}],"tags":["Gekühlt","Lactosefrei"]},
    {"url":"https://www.interspar.at/shop/lebensmittel/p/2020000683889","data":[{"key":"price","value":"3,19 €"},{"key":"oldPrice","value":"\n\t\t\t\t\t\n\t\t\t\t\t \n\t\t\t\t"},{"key":"pricePerUnit","value":"(12.76 €/kg)"},{"key":"productDetailsName","value":"Becel Pro Activ - Gold - 250 G"},{"key":"detailsDescription","value":"250 G"},{"key":"articleNumber","value":"Artikelnummer: 2020000683889"},{"key":"Lagerhinweis:","value":["Bei +2 C bis +10 C lagern."]},{"key":"Zutaten:","value":["Zutaten: 46% pflanzliche Öle (Sonnenblumen, Raps, Leinsamen), Trinkwasser, 9% Pflanzensterinester¹, pflanzliche Fette (Palm), BUTTERMILCH, Emulgatoren: Mono- und Diglyceride von Speisefettsäuren, Lecithine; Aromen (mit MILCH), Konservierungsstoff: Kaliumsorbat, Säuerungsmittel: Citronensäure, Vitamine (A, D), Farbstoff: Carotine. ¹entspricht 5,4 g Pflanzensterinen in 100 g. In Großbuchstaben angegebene Zutaten enthalten allergene Inhaltstoffe."]},{"key":"Allergene:","value":["Enthält:Milch und daraus gewonnene Erzeugnisse (inkl. Laktose)"]},{"key":"Kontakt:","value":["Unilever Deutschland GmbH","Strandkai 1, 20457 Hamburg, Deutschland"]}],"nutritions":[{"key":"","value":"Unzubereitet"},{"key":" ","value":"100 g"},{"key":"Energie","value":"2192 kJ | 524 kcal"},{"key":"Fett","value":"59 g"},{"key":"Fett, davon gesättigte Fettsäuren","value":"12 g"},{"key":"Fett, davon einfach ungesättigte Fettsäuren","value":"17 g"},{"key":"Fett, davon mehrfach ungesättigte Fettsäuren","value":"29 g"},{"key":"Kohlenhydrate","value":"< 0,5 g"},{"key":"Kohlenhydrate, davon Zucker","value":"< 0,5 g"},{"key":"Eiweiß","value":"< 0,5 g"},{"key":"Salz","value":"0,022 g"},{"key":"Vitamin A","value":"800 µg"},{"key":"Vitamin D","value":"7,5 µg"},{"key":"Vitamin E","value":"19 mg"}],"tags":["Glutenfrei"]},
    {"url":"https://www.interspar.at/shop/lebensmittel/p/2020000833918","data":[{"key":"price","value":"0,95 €"},{"key":"oldPrice","value":"\n\t\t\t\t\t\n\t\t\t\t\t \n\t\t\t\t"},{"key":"pricePerUnit","value":"(18.90 €/kg)"},{"key":"productDetailsName","value":"Tirol Milch - Urtyroler - 1 KG"},{"key":"detailsDescription","value":"1 KG"},{"key":"articleNumber","value":"Artikelnummer: 2020000833918"},{"key":"Lagerhinweis:","value":["Vor und nach dem Öffnen bei 3-8 °C lagern. Nach dem Öffnen innerhalb weniger Tage verbrauchen."]},{"key":"Zutaten:","value":["Zutaten: MILCH, Salz, tierisches Lab, Festigungsmittel: Calciumchlorid, Käsereikulturen. In Großbuchstaben angegebene Zutaten enthalten allergene Inhaltsstoffe."]},{"key":"Allergene:","value":["Enthält:Milch und daraus gewonnene Erzeugnisse (inkl. Laktose)"]},{"key":"","value":["Laktosefrei"]},{"key":"Identitätskennzeichen:","value":["AT 40153 EG"]},{"key":"Ursprungsland/Herkunftsort:","value":["Österreich"]},{"key":"Kontakt:","value":["Tirol Milch","Latellaplatz 1, 6300 Wörgl, Österreich"]}],"nutritions":[{"key":"","value":"Unzubereitet"},{"key":" ","value":"100 g"},{"key":"Energie","value":"1626 kJ | 392 kcal"},{"key":"Fett","value":"32 g"},{"key":"Fett, davon gesättigte Fettsäuren","value":"20,6 g"},{"key":"Kohlenhydrate","value":"0 g"},{"key":"Kohlenhydrate, davon Zucker","value":"0 g"},{"key":"Eiweiß","value":"26 g"},{"key":"Salz","value":"1,8 g"}],"tags":["Gekühlt","Lactosefrei"]},
    {"url":"https://www.interspar.at/shop/lebensmittel/p/2020001387717","data":[{"key":"price","value":"3,49 €"},{"key":"oldPrice","value":"\n\t\t\t\t\t\n\t\t\t\t\t \n\t\t\t\t"},{"key":"pricePerUnit","value":"(13.96 €/kg)"},{"key":"productDetailsName","value":"SalzburgMilch - Heujuwel - 250 G"},{"key":"detailsDescription","value":"250 G"},{"key":"articleNumber","value":"Artikelnummer: 2020001387717"},{"key":"Lagerhinweis:","value":["Gekühlt (4-8°C) lagern. Nach dem Öffnen gekühlt lagern und innerhalb von 4 Tagen verbrauchen."]},{"key":"Zutaten:","value":["Zutaten: thermisierte MILCH, unjodiertes Salz, Milchsäurebakterien, mikrobielles Lab. In Großbuchstaben angegebene Zutaten enthalten allergene Inhaltsstoffe."]},{"key":"Allergene:","value":["Enthält:Milch und daraus gewonnene Erzeugnisse (inkl. Laktose)"]},{"key":"Identitätskennzeichen:","value":["AT 50190 EG"]},{"key":"Verbrauchen nach dem Öffnen:","value":["4 Tage"]},{"key":"Kontakt:","value":["SalzburgMilch","Milchstraße 1, 5020 Salzburg, Österreich"]}],"nutritions":[{"key":"","value":"Zubereitet"},{"key":" ","value":"100 g"},{"key":"Energie","value":"1734 kJ | 418 kcal"},{"key":"Fett","value":"34 g"},{"key":"Fett, davon gesättigte Fettsäuren","value":"26 g"},{"key":"Kohlenhydrate","value":"0 g"},{"key":"Kohlenhydrate, davon Zucker","value":"0 g"},{"key":"Ballaststoffe","value":"0 g"},{"key":"Eiweiß","value":"28 g"},{"key":"Salz","value":"1,6 g"}],"tags":["Gekühlt"]},
    {"url":"https://www.interspar.at/shop/lebensmittel/p/2020001706679","data":[{"key":"price","value":"1,15 €"},{"key":"oldPrice","value":"\n\t\t\t\t\t\n\t\t\t\t\t \n\t\t\t\t"},{"key":"pricePerUnit","value":"(4.60 €/l)"},{"key":"productDetailsName","value":"Rama Cremefine - zum Aufschlagen Konditor - 250 ML"},{"key":"detailsDescription","value":"250 ML"},{"key":"articleNumber","value":"Artikelnummer: 2020001706679"},{"key":"Lagerhinweis:","value":["Bei +2°C bis +7°C lagern. Nach dem Öffnen als bald verzehren."]},{"key":"Zutaten:","value":["Zutaten: 68% BUTTERMILCH, 30% pflanzliche Fette (Palm ganz gehärtet, Kokos, Palm), modifizierte Stärke, Emulgatoren: Zuckerester von Speisefettsäuren, Mono- und Diglyceride von Speisefettsäuren, Lecithine (enthält SOJA); BUTTERMILCHPULVER, Verdickungsmittel: Guarkernmehl, Johannisbrotkernmehl. In Großbuchstaben angegebene Zutaten enthalten allergene Inhaltsstoffe."]},{"key":"Allergene:","value":["Enthält:Milch und daraus gewonnene Erzeugnisse (inkl. Laktose), Sojabohnen und daraus gewonnene Erzeugnisse"]},{"key":"Kontakt:","value":["Unilever Austria GmbH","Stella-Klein-Löw-Weg 13, Postfach 10, 1023 Wien, Österreich"]}],"nutritions":[{"key":"","value":"Unzubereitet"},{"key":" ","value":"100 ml"},{"key":"Energie","value":"1270 kJ | 326 kcal"},{"key":"Fett","value":"31 g"},{"key":"Fett, davon gesättigte Fettsäuren","value":"29 g"},{"key":"Kohlenhydrate","value":"4,4 g"},{"key":"Kohlenhydrate, davon Zucker","value":"3,6 g"},{"key":"Eiweiß","value":"2,4 g"},{"key":"Salz","value":"0,13 g"}],"tags":[]},
    {"url":"https://www.interspar.at/shop/lebensmittel/p/316828","data":[{"key":"price","value":"1,35 €"},{"key":"oldPrice","value":"\n\t\t\t\t\t\n\t\t\t\t\t \n\t\t\t\t"},{"key":"pricePerUnit","value":"(13.50 €/kg)"},{"key":"productDetailsName","value":"Schärdinger - Rahm-Camembert - 100 G"},{"key":"detailsDescription","value":"100 G"},{"key":"articleNumber","value":"Artikelnummer: 316828"},{"key":"Lagerhinweis:","value":["Vor und nach dem Öffnen gekühlt (3-6°C) lagern. Nach dem Öffnen innerhalb weniger Tage verbrauchen."]},{"key":"Allergene:","value":["Enthält:Milch und daraus gewonnene Erzeugnisse (inkl. Laktose)"]},{"key":"","value":["Laktosefrei"]},{"key":"Identitätskennzeichen:","value":["AT 62640 EG"]},{"key":"Kontakt:","value":["Berglandmilch eGen","Schubertstraße 30, 4600 Wels, Österreich"]}],"nutritions":[{"key":"","value":"Unzubereitet"},{"key":" ","value":"100 g"},{"key":"Energie","value":"1587 kJ | 384 kcal"},{"key":"Fett","value":"36 g"},{"key":"Fett, davon gesättigte Fettsäuren","value":"23 g"},{"key":"Kohlenhydrate","value":"0 g"},{"key":"Kohlenhydrate, davon Zucker","value":"0 g"},{"key":"Eiweiß","value":"15 g"},{"key":"Salz","value":"1,6 g"}],"tags":["Glutenfrei","Lactosefrei"]},
    {"url":"https://www.interspar.at/shop/lebensmittel/p/332835","data":[{"key":"price","value":"1,35 €"},{"key":"oldPrice","value":"\n\t\t\t\t\t\n\t\t\t\t\t \n\t\t\t\t"},{"key":"pricePerUnit","value":"(13.50 €/kg)"},{"key":"productDetailsName","value":"Sirius - Camembert - 100 G"},{"key":"detailsDescription","value":"100 G"},{"key":"articleNumber","value":"Artikelnummer: 332835"},{"key":"Lagerhinweis:","value":["Vor und nach dem Öffnen gekühlt (3-6°C) lagern. Nach dem Öffnen innerhalb weniger Tage verbrauchen."]},{"key":"Allergene:","value":["Enthält:Milch und daraus gewonnene Erzeugnisse (inkl. Laktose)"]},{"key":"","value":["Laktosefrei"]},{"key":"Identitätskennzeichen:","value":["AT 62640 EG"]},{"key":"Kontakt:","value":["Berglandmilch eGen","Schubertstraße 30, 4600 Wels, Österreich"]}],"nutritions":[{"key":"","value":"Unzubereitet"},{"key":" ","value":"100 g"},{"key":"Energie","value":"1225 kJ | 295 kcal"},{"key":"Fett","value":"23 g"},{"key":"Fett, davon gesättigte Fettsäuren","value":"15 g"},{"key":"Kohlenhydrate","value":"0 g"},{"key":"Kohlenhydrate, davon Zucker","value":"0 g"},{"key":"Eiweiß","value":"22 g"},{"key":"Salz","value":"1,6 g"}],"tags":["Lactosefrei"]},
    {"url":"https://www.interspar.at/shop/lebensmittel/p/4476757","data":[{"key":"price","value":"1,49 €"},{"key":"oldPrice","value":"\n\t\t\t\t\t\n\t\t\t\t\tstatt 1,99 €\n\t\t\t\t"},{"key":"pricePerUnit","value":"(2.98 €/kg)"},{"key":"productDetailsName","value":"Rama - Good Start - 500 G"},{"key":"detailsDescription","value":"500 G"},{"key":"articleNumber","value":"Artikelnummer: 4476757"},{"key":"Lagerhinweis:","value":["Beste Lagerung zwischen +2 °C und +15 °C."]},{"key":"Zutaten:","value":["Zutaten: Trinkwasser, pflanzliche Öle und Fette (Sonnenblumen, Palm, Raps, Leinsamen, Palm ganz gehärtet, in veränderlichen Gewichtsanteilen), 4,5% MAGERMILCHJOGHURT, Mineralstoff Calciumphosphat, modifizierte Stärke, Speisesalz (0,3%), Emulgatoren (Lecithine, Mono- und Diglyceride von Speisefettsäuren), Konservierungsstoff (Kaliumsorbat), Säuerungsmittel (Citronensäure), Antioxidationsmittel (E385), natürliches Aroma, Vitamine (A, B1, B2, B6, B12, D), Farbstoff (Carotine). In Großbuchstaben angegebene Zutaten enthalten allergene Inhaltsstoffe."]},{"key":"Allergene:","value":["Enthält:Milch und daraus gewonnene Erzeugnisse (inkl. Laktose)"]},{"key":"","value":["Mit natürlichem FarbstoffMit natürlichem Aroma"]},{"key":"Verwendungshinweis:","value":["Zum Braten und Backen nicht geeignet."]},{"key":"Kontakt:","value":["Unilever Austria GmbH","Stella-Klein-Löw-Weg 13, Postfach 10, 1023 Wien, Österreich","0810/200780","www.rama.at"]}],"nutritions":[{"key":"","value":"Unzubereitet"},{"key":" ","value":"100 g"},{"key":"Energie","value":"1400 kJ | 350 kcal"},{"key":"Fett","value":"38 g"},{"key":"Fett, davon gesättigte Fettsäuren","value":"11 g"},{"key":"Fett, davon einfach ungesättigte Fettsäuren","value":"11 g"},{"key":"Fett, davon mehrfach ungesättigte Fettsäuren","value":"15 g"},{"key":"Kohlenhydrate","value":"1,5 g"},{"key":"Kohlenhydrate, davon Zucker","value":"< 0,5 g"},{"key":"Eiweiß","value":"< 0,5 g"},{"key":"Salz","value":"0,33 g"},{"key":"Vitamin A","value":"800 µg | 100 %"},{"key":"Vitamin D","value":"7,5 µg | 150 %"},{"key":"Vitamin E","value":"9,8 mg | 80 %"},{"key":"Vitamin B 1, Thiamin","value":"1,1 mg | 100 %"},{"key":"Vitamin B 2, Riboflavin","value":"1,4 mg | 100 %"},{"key":"Vitamin B 6, Pyridoxin","value":"1,4 mg | 100 %"},{"key":"Vitamin B 12, Cyanocobalamin","value":"2,5 µg | 100 %"},{"key":"Kalzium","value":"600 mg | 80 %"}],"tags":[]},
    {"url":"https://www.interspar.at/shop/lebensmittel/p/4709183","data":[{"key":"price","value":"0,99 €"},{"key":"oldPrice","value":"\n\t\t\t\t\t\n\t\t\t\t\t \n\t\t\t\t"},{"key":"pricePerUnit","value":"(19.90 €/kg)"},{"key":"productDetailsName","value":"Schärdinger - Asmonte - 1 KG"},{"key":"detailsDescription","value":"1 KG"},{"key":"articleNumber","value":"Artikelnummer: 4709183"},{"key":"Lagerhinweis:","value":["Vor und nach dem Öffnen bei 3-8 °C lagern. Nach dem Öffnen innerhalb weniger Tage verbrauchen."]},{"key":"Zutaten:","value":["Zutaten: MILCH, Salz, Leinöl*, mikrobielles Lab, Käsereikulturen. *in der Rinde. In Großbuchstaben angegebene Zutaten enthalten allergene Inhaltsstoffe."]},{"key":"Allergene:","value":["Enthält:Milch und daraus gewonnene Erzeugnisse (inkl. Laktose)"]},{"key":"","value":["Laktosefrei"]},{"key":"Identitätskennzeichen:","value":["AT 60149 EG"]},{"key":"Kontakt:","value":["Berglandmilch","A-4600 Wels"]}],"nutritions":[{"key":"","value":"Unzubereitet"},{"key":" ","value":"100 g"},{"key":"Energie","value":"1452 kJ | 349 kcal"},{"key":"Fett","value":"25 g"},{"key":"Fett, davon gesättigte Fettsäuren","value":"16 g"},{"key":"Kohlenhydrate","value":"0 g"},{"key":"Kohlenhydrate, davon Zucker","value":"0 g"},{"key":"Eiweiß","value":"31 g"},{"key":"Salz","value":"2 g"}],"tags":["Glutenfrei","Lactosefrei"]},
    {"url":"https://www.interspar.at/shop/lebensmittel/p/4716532","data":[{"key":"price","value":"0,80 €"},{"key":"oldPrice","value":"\n\t\t\t\t\t\n\t\t\t\t\t \n\t\t\t\t"},{"key":"pricePerUnit","value":"(15.90 €/kg)"},{"key":"productDetailsName","value":"Emmi - Kürbiskernbrie - 1 KG"},{"key":"detailsDescription","value":"1 KG"},{"key":"articleNumber","value":"Artikelnummer: 4716532"},{"key":"Lagerhinweis:","value":["Gekühlt lagern."]},{"key":"Zutaten:","value":["Zutaten: Weichkäse aus pasteurisierter MILCH (80%), FRISCHKÄSE (8%), RAHM (8%), Kürbiskerne (4%), Kürbiskernöl, Gelatine, Verdickungsmittel: Guarkernmehl, Konservierungsmittel: Kaliumsorbat, Salz. In Großbuchstaben angegebene Zutaten enthalten allergene Inhaltsstoffe."]},{"key":"Allergene:","value":["Enthält:Milch und daraus gewonnene Erzeugnisse (inkl. Laktose)"]},{"key":"Identitätskennzeichen:","value":["AT 80129 EG"]},{"key":"Ursprungsland/Herkunftsort:","value":["Frankreich"]},{"key":"Kontakt:","value":["Emmi Österreich GmbH","6714 Nüziders, Illweg 8, Österreich"]}],"nutritions":[{"key":"","value":"Unzubereitet"},{"key":" ","value":"100 g"},{"key":"Energie","value":"1457 kJ | 348 kcal"},{"key":"Fett","value":"31 g"},{"key":"Fett, davon gesättigte Fettsäuren","value":"19 g"},{"key":"Kohlenhydrate","value":"2 g"},{"key":"Kohlenhydrate, davon Zucker","value":"< 0,1 g"},{"key":"Eiweiß","value":"16 g"},{"key":"Salz","value":"1,6 g"}],"tags":["Gekühlt"]},
    {"url":"https://www.interspar.at/shop/lebensmittel/p/482325","data":[{"key":"price","value":"0,74 €"},{"key":"oldPrice","value":"\n\t\t\t\t\t\n\t\t\t\t\t \n\t\t\t\t"},{"key":"pricePerUnit","value":"(14.90 €/kg)"},{"key":"productDetailsName","value":"Schärdinger - Rahmbrie - 1 KG"},{"key":"detailsDescription","value":"1 KG"},{"key":"articleNumber","value":"Artikelnummer: 482325"},{"key":"Lagerhinweis:","value":["Vor und nach dem Öffnen gekühlt (3 - 6°C) lagern. Nach dem Öffnen innerhalb weniger Tage verbrauchen."]},{"key":"Allergene:","value":["Enthält:Milch und daraus gewonnene Erzeugnisse (inkl. Laktose)"]},{"key":"","value":["Laktosefrei"]},{"key":"Identitätskennzeichen:","value":["AT 60212 EG"]},{"key":"Ursprungsland/Herkunftsort:","value":["Österreich"]},{"key":"Kontakt:","value":["Berglandmilch eGen","Schubertstraße 30, 4600 Wels, Österreich"]}],"nutritions":[{"key":"","value":"Unzubereitet"},{"key":" ","value":"100 g"},{"key":"Energie","value":"1715 kJ | 415 kcal"},{"key":"Fett","value":"39 g"},{"key":"Fett, davon gesättigte Fettsäuren","value":"25 g"},{"key":"Kohlenhydrate","value":"0 g"},{"key":"Kohlenhydrate, davon Zucker","value":"0 g"},{"key":"Eiweiß","value":"16 g"},{"key":"Salz","value":"1,6 g"}],"tags":["Gekühlt","Glutenfrei","Lactosefrei"]},
    {"url":"https://www.interspar.at/shop/lebensmittel/p/4859093","data":[{"key":"price","value":"1,15 €"},{"key":"oldPrice","value":"\n\t\t\t\t\t\n\t\t\t\t\t \n\t\t\t\t"},{"key":"pricePerUnit","value":"(4.60 €/l)"},{"key":"productDetailsName","value":"Rama Cremefine - zum Schlagen - 250 ML"},{"key":"detailsDescription","value":"250 ML"},{"key":"articleNumber","value":"Artikelnummer: 4859093"},{"key":"Lagerhinweis:","value":["Bei +2°C bis +7°C lagern."]},{"key":"Zutaten:","value":["Zutaten: 32% BUTTERMILCH, Trinkwasser, 20% MAGERMILCH, 18% pflanzliche Fette (Palm ganz gehärtet, Kokos), MILCHZUCKER, Zucker, Emulgatoren: Mono- und Diglyceride von Speisefettsäuren, Mono- und Diacetylweinsäureester von Mono- und Diglyceriden von Speisefettsäuren; Stabilisatoren: Johannisbrotkernmehl, Carrageen; Aromen (mit MILCH), Farbstoff: Carotine. In Großbuchstaben angegebene Zutaten enthalten allergene Inhaltsstoffe."]},{"key":"Allergene:","value":["Enthält:Milch und daraus gewonnene Erzeugnisse (inkl. Laktose)"]},{"key":"","value":["19% Fett- 35% weniger Fett als Schlagsahne /-obers"]},{"key":"Verwendungshinweis:","value":["Rama Cremefine ist zu verwenden wie Schlagsahne /-obers. Sie gelingt immer perfekt und ist sehr standfest."]},{"key":"Kontakt:","value":["Unilever Austria GmbH","Stella-Klein-Löw-Weg 13, Postfach 10, 1023 Wien, Österreich"]}],"nutritions":[{"key":"","value":"Unzubereitet"},{"key":" ","value":"100 ml"},{"key":"Energie","value":"791 kJ | 188 kcal"},{"key":"Fett","value":"19 g"},{"key":"Fett, davon gesättigte Fettsäuren","value":"17 g"},{"key":"Kohlenhydrate","value":"4,1 g"},{"key":"Kohlenhydrate, davon Zucker","value":"4,1 g"},{"key":"Eiweiß","value":"1,8 g"},{"key":"Salz","value":"0,1 g"}],"tags":[]},
    {"url":"https://www.interspar.at/shop/lebensmittel/p/5054206","data":[{"key":"price","value":"3,29 €"},{"key":"oldPrice","value":"\n\t\t\t\t\t\n\t\t\t\t\t \n\t\t\t\t"},{"key":"pricePerUnit","value":"(10.97 €/kg)"},{"key":"productDetailsName","value":"Schärdinger - Camembert - 300 G"},{"key":"detailsDescription","value":"300 G"},{"key":"articleNumber","value":"Artikelnummer: 5054206"},{"key":"Lagerhinweis:","value":["Vor und nach dem Öffnen gekühlt (3-6°C) lagern. Nach dem Öffnen innerhalb weniger Tage verbrauchen."]},{"key":"","value":["Laktosefrei"]},{"key":"Identitätskennzeichen:","value":["AT 62640 EG"]},{"key":"Kontakt:","value":["Berglandmilch eGen","Schubertstraße 30, 4600 Wels, Österreich"]}],"nutritions":[{"key":"","value":"Unzubereitet"},{"key":" ","value":"100 g"},{"key":"Energie","value":"1225 kJ | 295 kcal"},{"key":"Fett","value":"23 g"},{"key":"Fett, davon gesättigte Fettsäuren","value":"15 g"},{"key":"Kohlenhydrate","value":"0 g"},{"key":"Kohlenhydrate, davon Zucker","value":"0 g"},{"key":"Eiweiß","value":"22 g"},{"key":"Salz","value":"1,6 g"}],"tags":["Gekühlt","Glutenfrei","Lactosefrei"]},
    {"url":"https://www.interspar.at/shop/lebensmittel/p/5727001","data":[{"key":"price","value":"1,59 €"},{"key":"oldPrice","value":"\n\t\t\t\t\t\n\t\t\t\t\t \n\t\t\t\t"},{"key":"pricePerUnit","value":"(7.95 €/kg)"},{"key":"productDetailsName","value":"Gusteria - Erdäpflkas - 200 G"},{"key":"detailsDescription","value":"200 G"},{"key":"articleNumber","value":"Artikelnummer: 5727001"},{"key":"Lagerhinweis:","value":["Gekühlt bei +4 bis +8°C lagern. Geöffnete Packung innerhalb von 2 - 3 Tagen aufbrauchen."]},{"key":"Zutaten:","value":["Zutaten: 52% Erdäpfel*, 39% FRISCHKÄSE* 70% Fett i. Tr., Zwiebel*, Speisesalz*, Pfeffer. *aus österreichischer Produktion. In Großbuchstaben angegebene Zutaten enthalten allergene Inhaltsstoffe."]},{"key":"Allergene:","value":["Enthält:Milch und daraus gewonnene Erzeugnisse (inkl. Laktose)"]},{"key":"Identitätskennzeichen:","value":["AT 40443 EG"]},{"key":"Verbrauchen nach dem Öffnen:","value":["2 Tage"]},{"key":"Verwendungshinweis:","value":["Vor Genuss bitte umrühren!"]},{"key":"Kontakt:","value":["Concept Fresh","Hobelweg 20, 4055 Pucking, Österreich","office@concept-fresh.at"]}],"nutritions":[{"key":"","value":"Unzubereitet"},{"key":" ","value":"100 g"},{"key":"Energie","value":"532 kJ | 128 kcal"},{"key":"Fett","value":"8,8 g"},{"key":"Fett, davon gesättigte Fettsäuren","value":"7,1 g"},{"key":"Kohlenhydrate","value":"8,3 g"},{"key":"Kohlenhydrate, davon Zucker","value":"1,5 g"},{"key":"Eiweiß","value":"2,8 g"},{"key":"Salz","value":"0,9 g"}],"tags":["Glutenfrei"]},
    {"url":"https://www.interspar.at/shop/lebensmittel/p/6314002","data":[{"key":"price","value":"2,89 €"},{"key":"oldPrice","value":"\n\t\t\t\t\t\n\t\t\t\t\t \n\t\t\t\t"},{"key":"pricePerUnit","value":"(11.56 €/kg)"},{"key":"productDetailsName","value":"Schärdinger Meine Linie - Joghurt Camembert - 250 G"},{"key":"detailsDescription","value":"250 G"},{"key":"articleNumber","value":"Artikelnummer: 6314002"},{"key":"Lagerhinweis:","value":["Vor und nach dem Öffnen gekühlt (3-6°C) lagern. Nach dem Öffnen innerhalb weniger Tage verbrauchen."]},{"key":"Zutaten:","value":["Zutaten: MILCH, Salz, Joghurtkulturen, tierisches Lab, Käsereikulturen. In Großbuchstaben angegebene Zutaten enthalten allergene Inhaltsstoffe."]},{"key":"Allergene:","value":["Enthält:Milch und daraus gewonnene Erzeugnisse (inkl. Laktose)"]},{"key":"","value":["Laktosefrei"]},{"key":"Identitätskennzeichen:","value":["AT 62640 EG"]},{"key":"Kontakt:","value":["Berglandmilch eGen","Schubertstraße 30, 4600 Wels, Österreich"]}],"nutritions":[{"key":"","value":"Unzubereitet"},{"key":" ","value":"100 g"},{"key":"Energie","value":"926 kJ | 222 kcal"},{"key":"Fett","value":"14 g"},{"key":"Fett, davon gesättigte Fettsäuren","value":"9 g"},{"key":"Kohlenhydrate","value":"0 g"},{"key":"Kohlenhydrate, davon Zucker","value":"0 g"},{"key":"Eiweiß","value":"24 g"},{"key":"Salz","value":"1,6 g"}],"tags":["Gekühlt","Glutenfrei","Lactosefrei"]},
    {"url":"https://www.interspar.at/shop/lebensmittel/p/6699154","data":[{"key":"price","value":"0,84 €"},{"key":"oldPrice","value":"\n\t\t\t\t\t\n\t\t\t\t\t \n\t\t\t\t"},{"key":"pricePerUnit","value":"(16.90 €/kg)"},{"key":"productDetailsName","value":"Tirol Milch - Tiroler Adler - 1 KG"},{"key":"detailsDescription","value":"1 KG"},{"key":"articleNumber","value":"Artikelnummer: 6699154"},{"key":"Lagerhinweis:","value":["Gekühlt lagern bei +3° - 6°C."]},{"key":"Zutaten:","value":["Zutaten: MILCH, Salz, tierisches Lab, Festigungsmittel: Calciumchlorid, Käsereikulturen. In Großbuchstaben angegebene Zutaten enthalten allergene Inhaltsstoffe."]},{"key":"Allergene:","value":["Enthält:Milch und daraus gewonnene Erzeugnisse (inkl. Laktose)"]},{"key":"Ursprungsland/Herkunftsort:","value":["Österreich"]},{"key":"Kontakt:","value":["Berglandmilch eGen","Geinberg, 4600 Wels"]}],"nutritions":[{"key":"","value":"Unzubereitet"},{"key":" ","value":"100 g"},{"key":"Energie","value":"1663 kJ | 401 kcal"},{"key":"Fett","value":"33 g"},{"key":"Fett, davon gesättigte Fettsäuren","value":"21 g"},{"key":"Kohlenhydrate","value":"0 g"},{"key":"Kohlenhydrate, davon Zucker","value":"0 g"},{"key":"Ballaststoffe","value":"0 g"},{"key":"Eiweiß","value":"26 g"},{"key":"Salz","value":"0 g"}],"tags":["Gekühlt","Glutenfrei","Lactosefrei"]},
    {"url":"https://www.interspar.at/shop/lebensmittel/p/8093912","data":[{"key":"price","value":"0,90 €"},{"key":"oldPrice","value":"\n\t\t\t\t\t\n\t\t\t\t\t \n\t\t\t\t"},{"key":"pricePerUnit","value":"(17.90 €/kg)"},{"key":"productDetailsName","value":"Kärntnermilch Mölltaler Almkäse - Selektion - 1 KG"},{"key":"detailsDescription","value":"1 KG"},{"key":"articleNumber","value":"Artikelnummer: 8093912"},{"key":"Lagerhinweis:","value":["Gekühlt lagern."]},{"key":"Zutaten:","value":["Zutaten: MILCH, Salz, Lab, Bakterienkulturen. In Großbuchstaben angegebene Zutaten enthalten allergene Inhaltsstoffe."]},{"key":"Allergene:","value":["Enthält:Milch und daraus gewonnene Erzeugnisse (inkl. Laktose)"]},{"key":"Identitätskennzeichen:","value":["AT 20130 EG"]},{"key":"Kontakt:","value":["Kärntnermilch reg. Gen.m.b.H.","Villacher Straße 92, 9800 Spittal/Drau, Österreich"]}],"nutritions":[{"key":"","value":"Unzubereitet"},{"key":" ","value":"100 g"},{"key":"Energie","value":"1694 kJ | 408 kcal"},{"key":"Fett","value":"32 g"},{"key":"Fett, davon gesättigte Fettsäuren","value":"22 g"},{"key":"Kohlenhydrate","value":"0 g"},{"key":"Kohlenhydrate, davon Zucker","value":"0 g"},{"key":"Ballaststoffe","value":"0 g"},{"key":"Eiweiß","value":"30 g"},{"key":"Salz","value":"0 g"}],"tags":["Gekühlt","Glutenfrei","Lactosefrei"]},
    {"url":"https://www.interspar.at/shop/lebensmittel/p/2020000619994","data":[{"key":"price","value":"1,95 €"},{"key":"oldPrice","value":"\n\t\t\t\t\t\n\t\t\t\t\t \n\t\t\t\t"},{"key":"pricePerUnit","value":"(15.60 €/kg)"},{"key":"productDetailsName","value":"Schärdinger - Kaisertaler - 125 G"},{"key":"detailsDescription","value":"125 G"},{"key":"articleNumber","value":"Artikelnummer: 2020000619994"},{"key":"Lagerhinweis:","value":["Vor und nach dem Öffnen gekühlt lagern. Nach dem Öffnen alsbald verbrauchen."]},{"key":"Allergene:","value":["Enthält:Milch und daraus gewonnene Erzeugnisse (inkl. Laktose)"]},{"key":"","value":["Laktosefrei"]},{"key":"Identitätskennzeichen:","value":["AT 62640 EG"]},{"key":"Ursprungsland/Herkunftsort:","value":["Österreich"]},{"key":"Kontakt:","value":["Berglandmilch eGen","Schubertstraße 30, 4600 Wels, Österreich"]}],"nutritions":[{"key":"","value":"Unzubereitet"},{"key":" ","value":"100 g"},{"key":"Energie","value":"1641 kJ | 397 kcal"},{"key":"Fett","value":"37 g"},{"key":"Fett, davon gesättigte Fettsäuren","value":"24 g"},{"key":"Kohlenhydrate","value":"0 g"},{"key":"Kohlenhydrate, davon Zucker","value":"0 g"},{"key":"Eiweiß","value":"16 g"},{"key":"Salz","value":"1,6 g"}],"tags":["Gekühlt","Lactosefrei"]},
    {"url":"https://www.interspar.at/shop/lebensmittel/p/2020001463015","data":[{"key":"price","value":"2,99 €"},{"key":"oldPrice","value":"\n\t\t\t\t\t\n\t\t\t\t\t \n\t\t\t\t"},{"key":"pricePerUnit","value":"(8.54 €/kg)"},{"key":"productDetailsName","value":"S-BUDGET - Weichkäse cremig & mild - 350 G"},{"key":"detailsDescription","value":"350 G"},{"key":"articleNumber","value":"Artikelnummer: 2020001463015"},{"key":"Lagerhinweis:","value":["Vor und nach dem Öffnen gekühlt lagern bei +2°C bis +8°C. Nach dem Öffnen innerhalb von etwa 4 Tagen genießen."]},{"key":"Zutaten:","value":["Zutaten: Pasteurisierte MILCH, RAHM, Salz unjodiert, mikrobielles Lab, Käsereikulturen. In Großbuchstaben angegebene Zutaten enthalten allergene Inhaltsstoffe."]},{"key":"Allergene:","value":["Enthält:Milch und daraus gewonnene Erzeugnisse (inkl. Laktose)"]},{"key":"","value":["Laktosefrei"]},{"key":"Identitätskennzeichen:","value":["DE SN 006 EG"]},{"key":"Ursprungsland/Herkunftsort:","value":["Sorgfältig hergestellt in Deutschland"]},{"key":"Verbrauchen nach dem Öffnen:","value":["4 Tage"]},{"key":"Kontakt:","value":["SPAR Österr. Warenhandels-AG","Europastraße 3, 5015 Salzburg, Österreich"]}],"nutritions":[{"key":"","value":"Unzubereitet"},{"key":" ","value":"100 g"},{"key":"Energie","value":"1465 kJ | 354 kcal"},{"key":"Fett","value":"32 g"},{"key":"Fett, davon gesättigte Fettsäuren","value":"21 g"},{"key":"Kohlenhydrate","value":"< 0,5 g"},{"key":"Kohlenhydrate, davon Zucker","value":"< 0,5 g"},{"key":"Ballaststoffe","value":"0 g"},{"key":"Eiweiß","value":"16 g"},{"key":"Salz","value":"1,7 g"},{"key":"Broteinheiten","value":"0 BE"}],"tags":["Gekühlt","Lactosefrei","immer Billig"]},
    {"url":"https://www.interspar.at/shop/lebensmittel/p/2020001463060","data":[{"key":"price","value":"2,99 €"},{"key":"oldPrice","value":"\n\t\t\t\t\t\n\t\t\t\t\t \n\t\t\t\t"},{"key":"pricePerUnit","value":"(8.54 €/kg)"},{"key":"productDetailsName","value":"S-BUDGET - Weichkäse fein & würzig - 350 G"},{"key":"detailsDescription","value":"350 G"},{"key":"articleNumber","value":"Artikelnummer: 2020001463060"},{"key":"Lagerhinweis:","value":["Vor und nach dem Öffnen gekühlt lagern bei +2°C bis +8°C. Nach dem Öffnen innerhalb von etwa 4 Tagen genießen."]},{"key":"Zutaten:","value":["Zutaten: Pasteurisierte MILCH, RAHM, Salz unjodiert, mikrobielles Lab, Farbstoff: Paprikaextrakt, Käsereikulturen. In Großbuchstaben angegebene Zutaten enthalten allergene Inhaltsttoffe."]},{"key":"Allergene:","value":["Enthält:Milch und daraus gewonnene Erzeugnisse (inkl. Laktose)"]},{"key":"","value":["Laktosefrei"]},{"key":"Identitätskennzeichen:","value":["DE SN 006 EG"]},{"key":"Ursprungsland/Herkunftsort:","value":["Sorgfältig hergestellt in Deutschland"]},{"key":"Verbrauchen nach dem Öffnen:","value":["4 Tage"]},{"key":"Kontakt:","value":["SPAR Österr. Warenhandels-AG","Europastraße 3, 5015 Salzburg, Österreich"]}],"nutritions":[{"key":"","value":"Unzubereitet"},{"key":" ","value":"100 g"},{"key":"Energie","value":"1465 kJ | 354 kcal"},{"key":"Fett","value":"32 g"},{"key":"Fett, davon gesättigte Fettsäuren","value":"21 g"},{"key":"Kohlenhydrate","value":"< 0,5 g"},{"key":"Kohlenhydrate, davon Zucker","value":"< 0,5 g"},{"key":"Ballaststoffe","value":"0 g"},{"key":"Eiweiß","value":"16 g"},{"key":"Salz","value":"1,8 g"},{"key":"Broteinheiten","value":"0 BE"}],"tags":["Gekühlt","Lactosefrei","immer Billig"]},
    {"url":"https://www.interspar.at/shop/lebensmittel/p/6780654","data":[{"key":"price","value":"1,19 €"},{"key":"oldPrice","value":"\n\t\t\t\t\t\n\t\t\t\t\t \n\t\t\t\t"},{"key":"pricePerUnit","value":"(5.95 €/kg)"},{"key":"productDetailsName","value":"S-BUDGET - Brie - 200 G"},{"key":"detailsDescription","value":"200 G"},{"key":"articleNumber","value":"Artikelnummer: 6780654"},{"key":"Lagerhinweis:","value":["Vor und nach dem Öffnen gekühlt lagern. Nach dem Öffnen alsbald verbrauchen."]},{"key":"Zutaten:","value":["Zutaten: Pasteurisierte KUHMILCH, Käsereikulturen, Speisesalz. In Großbuchstaben angegebene Zutaten enhalten allergene Inhaltsstoffe."]},{"key":"Allergene:","value":["Enthält:Milch und daraus gewonnene Erzeugnisse (inkl. Laktose)"]},{"key":"Identitätskennzeichen:","value":["FR 55.551.001 CE"]},{"key":"Ursprungsland/Herkunftsort:","value":["Sorgfältig hergestellt in Frankreich"]},{"key":"Kontakt:","value":["SPAR Österr. Warenhandels-AG","Europastraße 3, 5015 Salzburg, Österreich","office@spar.at"]}],"nutritions":[{"key":"","value":"Unzubereitet"},{"key":" ","value":"100 g"},{"key":"Energie","value":"1444 kJ | 349 kcal"},{"key":"Fett","value":"31 g"},{"key":"Fett, davon gesättigte Fettsäuren","value":"20 g"},{"key":"Kohlenhydrate","value":"0,5 g"},{"key":"Kohlenhydrate, davon Zucker","value":"< 0,5 g"},{"key":"Ballaststoffe","value":"0 g"},{"key":"Eiweiß","value":"17 g"},{"key":"Salz","value":"1,4 g"}],"tags":["Gekühlt","Glutenfrei","Lactosefrei","immer Billig"]},
    {"url":"https://www.interspar.at/shop/lebensmittel/p/2020001854721","data":[{"key":"price","value":"1,99 €"},{"key":"oldPrice","value":"\n\t\t\t\t\t\n\t\t\t\t\t \n\t\t\t\t"},{"key":"pricePerUnit","value":"(13.27 €/kg)"},{"key":"productDetailsName","value":"SPAR - Cheddar in Scheiben - 150 G"},{"key":"detailsDescription","value":"150 G"},{"key":"articleNumber","value":"Artikelnummer: 2020001854721"},{"key":"Lagerhinweis:","value":["Vor und nach dem Öffnen gekühlt lagern. Nach dem Öffnen alsbald genießen."]},{"key":"Zutaten:","value":["Zutaten: KUHMILCH pasteurisiert, Salz unjodiert, Käsereikultur, mikrobielles Lab, Farbstoff: Annatto (Bixin, Norbixin). In Großbuchstaben angegebene Zutaten enthalten allergene Inhaltsstoffe."]},{"key":"Allergene:","value":["Enthält:Milch und daraus gewonnene Erzeugnisse (inkl. Laktose)"]},{"key":"Identitätskennzeichen:","value":["NL Z 0647 EC"]},{"key":"Zusatztext:","value":["mindestens 4 Monate gereift"]},{"key":"Ursprungsland/Herkunftsort:","value":["Sorgfältig hergestellt in Irland abgepackt in den Niederlanden"]},{"key":"Kontakt:","value":["SPAR Österr. Warenhandels-AG","Europastraße 3, 5015 Salzburg, Österreich","office@spar.at"]}],"nutritions":[],"tags":["Gekühlt"]},
    {"url":"https://www.interspar.at/shop/lebensmittel/p/1321623","data":[{"key":"price","value":"1,45 €"},{"key":"oldPrice","value":"\n\t\t\t\t\t\n\t\t\t\t\t \n\t\t\t\t"},{"key":"pricePerUnit","value":"(14.50 €/kg)"},{"key":"productDetailsName","value":"President - Französischer Brie - 1 KG"},{"key":"detailsDescription","value":"1 KG"},{"key":"articleNumber","value":"Artikelnummer: 1321623"},{"key":"Lagerhinweis:","value":["Gekühlt lagern bei +2° - +8°C."]},{"key":"Zutaten:","value":["Zutaten: pasteurisierte KUHMILCH, Salz, Lab. In Großbuchstaben angegebene Zutaten enthalten allergene Inhaltsstoffe."]},{"key":"Allergene:","value":["Enthält:Milch und daraus gewonnene Erzeugnisse (inkl. Laktose)"]},{"key":"Identitätskennzeichen:","value":["FR 88.115.001 CE"]},{"key":"Ursprungsland/Herkunftsort:","value":["Frankreich"]},{"key":"Kontakt:","value":["Lactalis Fromages","53089 Laval Cedex 9, Frankreich"]}],"nutritions":[{"key":"","value":"Unzubereitet"},{"key":" ","value":"100 g"},{"key":"Energie","value":"1436 kJ | 347 kcal"},{"key":"Fett","value":"31 g"},{"key":"Fett, davon gesättigte Fettsäuren","value":"22 g"},{"key":"Kohlenhydrate","value":"0,1 g"},{"key":"Kohlenhydrate, davon Zucker","value":"0,5 g"},{"key":"Ballaststoffe","value":"0 g"},{"key":"Eiweiß","value":"17 g"},{"key":"Salz","value":"1,3 g"}],"tags":["Gekühlt","Glutenfrei"]},
    {"url":"https://www.interspar.at/shop/lebensmittel/p/1385625","data":[{"key":"price","value":"2,99 €"},{"key":"oldPrice","value":"\n\t\t\t\t\t\n\t\t\t\t\t \n\t\t\t\t"},{"key":"pricePerUnit","value":"(11.96 €/kg)"},{"key":"productDetailsName","value":"President - Camembert L’Original 8 Portionen - 250 G"},{"key":"detailsDescription","value":"250 G"},{"key":"articleNumber","value":"Artikelnummer: 1385625"},{"key":"Lagerhinweis:","value":["Bei +4°C bis +8°C lagern."]},{"key":"Zutaten:","value":["Zutaten: CAMEMBERT. In Großbuchstaben angegebene Zutaten enthalten allergene Inhaltsstoffe."]},{"key":"Allergene:","value":["Enthält:Milch und daraus gewonnene Erzeugnisse (inkl. Laktose)"]},{"key":"Zusatztext:","value":["Vollmundig-cremig"]},{"key":"Ursprungsland/Herkunftsort:","value":["Hergestellt in Frankreich"]},{"key":"Kontakt:","value":["Lactalis Deutschland GmbH","Am Yachthafen 2, 77694 Kehl/Rhein, Deutschland"]}],"nutritions":[],"tags":["Gekühlt","Glutenfrei"]},
    {"url":"https://www.interspar.at/shop/lebensmittel/p/1387025","data":[{"key":"price","value":"2,99 €"},{"key":"oldPrice","value":"\n\t\t\t\t\t\n\t\t\t\t\t \n\t\t\t\t"},{"key":"pricePerUnit","value":"(11.96 €/kg)"},{"key":"productDetailsName","value":"President - Camembert L'Aromatique - 250 G"},{"key":"detailsDescription","value":"250 G"},{"key":"articleNumber","value":"Artikelnummer: 1387025"},{"key":"Lagerhinweis:","value":["Bei +4°C bis +8°C lagern."]},{"key":"Zutaten:","value":["Zutaten: CAMEMBERT. In Großbuchstaben angegebene Zutaten enthalten allergene Inhaltsstoffe."]},{"key":"Allergene:","value":["Enthält:Milch und daraus gewonnene Erzeugnisse (inkl. Laktose)"]},{"key":"Identitätskennzeichen:","value":["FR 61.145.001 CE"]},{"key":"Zusatztext:","value":["Fein-würzig"]},{"key":"Ursprungsland/Herkunftsort:","value":["Hergestellt in Frankreich"]},{"key":"Kontakt:","value":["Lactalis Deutschland GmbH","Am Yachthafen 2, 77694 Kehl/Rhein, Deutschland"]}],"nutritions":[],"tags":["Gekühlt","Glutenfrei"]},
    {"url":"https://www.interspar.at/shop/lebensmittel/p/2020000427513","data":[{"key":"price","value":"0,99 €"},{"key":"oldPrice","value":"\n\t\t\t\t\t\n\t\t\t\t\t \n\t\t\t\t"},{"key":"pricePerUnit","value":"(19.90 €/kg)"},{"key":"productDetailsName","value":"El Pastor - Spanische Schafkäserolle - 1 KG"},{"key":"detailsDescription","value":"1 KG"},{"key":"articleNumber","value":"Artikelnummer: 2020000427513"},{"key":"Lagerhinweis:","value":["Gekühlt (+3°-8°C) lagern und nach dem Öffnen innerhalb von 5 Tagen verbrauchen."]},{"key":"Zutaten:","value":["Zutaten: SCHAFMILCH, Salz, Lab, Starterkulturen. In Großbuchstaben angegebene Zutaten enthalten allergene Inhaltsstoffe."]},{"key":"Allergene:","value":["Enthält:Milch und daraus gewonnene Erzeugnisse (inkl. Laktose)"]},{"key":"Identitätskennzeichen:","value":["ES 15.00264/ZA CE"]},{"key":"Ursprungsland/Herkunftsort:","value":["Spanien"]},{"key":"Kontakt:","value":["H.M. Weihs","Birostraße 14, 1230 Wien, Österreich"]}],"nutritions":[{"key":"","value":"Unzubereitet"},{"key":" ","value":"100 g"},{"key":"Energie","value":"1435 kJ | 424 kcal"},{"key":"Fett","value":"30,2 g"},{"key":"Fett, davon gesättigte Fettsäuren","value":"21 g"},{"key":"Kohlenhydrate","value":"1 g"},{"key":"Kohlenhydrate, davon Zucker","value":"1 g"},{"key":"Ballaststoffe","value":"0 g"},{"key":"Eiweiß","value":"17,7 g"},{"key":"Salz","value":"1,2 g"},{"key":"Broteinheiten","value":"0,1 BE"}],"tags":["Gekühlt"]},
    {"url":"https://www.interspar.at/shop/lebensmittel/p/2020000442035","data":[{"key":"price","value":"1,39 €"},{"key":"oldPrice","value":"\n\t\t\t\t\t\n\t\t\t\t\t \n\t\t\t\t"},{"key":"pricePerUnit","value":"(27.90 €/kg)"},{"key":"productDetailsName","value":"Badoz - Hartkäse - 1 KG"},{"key":"detailsDescription","value":"1 KG"},{"key":"articleNumber","value":"Artikelnummer: 2020000442035"},{"key":"Lagerhinweis:","value":["Gekühlt lagern bei +2° - +8°C."]},{"key":"Zutaten:","value":["Zutaten: ROHMILCH, Salz, Lab, Kulturen. In Großbuchstaben angegebene Zutaten enthalten allergene Inhaltsstoffe."]},{"key":"Allergene:","value":["Enthält:Milch und daraus gewonnene Erzeugnisse (inkl. Laktose)"]},{"key":"Identitätskennzeichen:","value":["FR 25-462-002 CE"]},{"key":"Ursprungsland/Herkunftsort:","value":["Frankreich"]},{"key":"Kontakt:","value":["Fromagerie Badoz","4 Rue Eiffel, 25300 Pontarlier, Frankreich"]}],"nutritions":[{"key":"","value":"Unzubereitet"},{"key":" ","value":"100 g"},{"key":"Energie","value":"1735 kJ | 414 kcal"},{"key":"Fett","value":"34 g"},{"key":"Fett, davon gesättigte Fettsäuren","value":"20 g"},{"key":"Kohlenhydrate","value":"0,5 g"},{"key":"Kohlenhydrate, davon Zucker","value":"0,5 g"},{"key":"Ballaststoffe","value":"0 g"},{"key":"Eiweiß","value":"28 g"},{"key":"Salz","value":"0,8 g"}],"tags":["Gekühlt"]},
    {"url":"https://www.interspar.at/shop/lebensmittel/p/6699154","data":[{"key":"price","value":"0,84 €"},{"key":"oldPrice","value":"\n\t\t\t\t\t\n\t\t\t\t\t \n\t\t\t\t"},{"key":"pricePerUnit","value":"(16.90 €/kg)"},{"key":"productDetailsName","value":"Tirol Milch - Tiroler Adler - 1 KG"},{"key":"detailsDescription","value":"1 KG"},{"key":"articleNumber","value":"Artikelnummer: 6699154"},{"key":"Lagerhinweis:","value":["Gekühlt lagern bei +3° - 6°C."]},{"key":"Zutaten:","value":["Zutaten: MILCH, Salz, tierisches Lab, Festigungsmittel: Calciumchlorid, Käsereikulturen. In Großbuchstaben angegebene Zutaten enthalten allergene Inhaltsstoffe."]},{"key":"Allergene:","value":["Enthält:Milch und daraus gewonnene Erzeugnisse (inkl. Laktose)"]},{"key":"Ursprungsland/Herkunftsort:","value":["Österreich"]},{"key":"Kontakt:","value":["Berglandmilch eGen","Geinberg, 4600 Wels"]}],"nutritions":[{"key":"","value":"Unzubereitet"},{"key":" ","value":"100 g"},{"key":"Energie","value":"1663 kJ | 401 kcal"},{"key":"Fett","value":"33 g"},{"key":"Fett, davon gesättigte Fettsäuren","value":"21 g"},{"key":"Kohlenhydrate","value":"0 g"},{"key":"Kohlenhydrate, davon Zucker","value":"0 g"},{"key":"Ballaststoffe","value":"0 g"},{"key":"Eiweiß","value":"26 g"},{"key":"Salz","value":"0 g"}],"tags":["Gekühlt","Glutenfrei","Lactosefrei"]},
    {"url":"https://www.interspar.at/shop/lebensmittel/p/8093912","data":[{"key":"price","value":"0,90 €"},{"key":"oldPrice","value":"\n\t\t\t\t\t\n\t\t\t\t\t \n\t\t\t\t"},{"key":"pricePerUnit","value":"(17.90 €/kg)"},{"key":"productDetailsName","value":"Kärntnermilch Mölltaler Almkäse - Selektion - 1 KG"},{"key":"detailsDescription","value":"1 KG"},{"key":"articleNumber","value":"Artikelnummer: 8093912"},{"key":"Lagerhinweis:","value":["Gekühlt lagern."]},{"key":"Zutaten:","value":["Zutaten: MILCH, Salz, Lab, Bakterienkulturen. In Großbuchstaben angegebene Zutaten enthalten allergene Inhaltsstoffe."]},{"key":"Allergene:","value":["Enthält:Milch und daraus gewonnene Erzeugnisse (inkl. Laktose)"]},{"key":"Identitätskennzeichen:","value":["AT 20130 EG"]},{"key":"Kontakt:","value":["Kärntnermilch reg. Gen.m.b.H.","Villacher Straße 92, 9800 Spittal/Drau, Österreich"]}],"nutritions":[{"key":"","value":"Unzubereitet"},{"key":" ","value":"100 g"},{"key":"Energie","value":"1694 kJ | 408 kcal"},{"key":"Fett","value":"32 g"},{"key":"Fett, davon gesättigte Fettsäuren","value":"22 g"},{"key":"Kohlenhydrate","value":"0 g"},{"key":"Kohlenhydrate, davon Zucker","value":"0 g"},{"key":"Ballaststoffe","value":"0 g"},{"key":"Eiweiß","value":"30 g"},{"key":"Salz","value":"0 g"}],"tags":["Gekühlt","Glutenfrei","Lactosefrei"]},
    {"url":"https://www.interspar.at/shop/lebensmittel/p/2020000619994","data":[{"key":"price","value":"1,95 €"},{"key":"oldPrice","value":"\n\t\t\t\t\t\n\t\t\t\t\t \n\t\t\t\t"},{"key":"pricePerUnit","value":"(15.60 €/kg)"},{"key":"productDetailsName","value":"Schärdinger - Kaisertaler - 125 G"},{"key":"detailsDescription","value":"125 G"},{"key":"articleNumber","value":"Artikelnummer: 2020000619994"},{"key":"Lagerhinweis:","value":["Vor und nach dem Öffnen gekühlt lagern. Nach dem Öffnen alsbald verbrauchen."]},{"key":"Allergene:","value":["Enthält:Milch und daraus gewonnene Erzeugnisse (inkl. Laktose)"]},{"key":"","value":["Laktosefrei"]},{"key":"Identitätskennzeichen:","value":["AT 62640 EG"]},{"key":"Ursprungsland/Herkunftsort:","value":["Österreich"]},{"key":"Kontakt:","value":["Berglandmilch eGen","Schubertstraße 30, 4600 Wels, Österreich"]}],"nutritions":[{"key":"","value":"Unzubereitet"},{"key":" ","value":"100 g"},{"key":"Energie","value":"1641 kJ | 397 kcal"},{"key":"Fett","value":"37 g"},{"key":"Fett, davon gesättigte Fettsäuren","value":"24 g"},{"key":"Kohlenhydrate","value":"0 g"},{"key":"Kohlenhydrate, davon Zucker","value":"0 g"},{"key":"Eiweiß","value":"16 g"},{"key":"Salz","value":"1,6 g"}],"tags":["Gekühlt","Lactosefrei"]},
    {"url":"https://www.interspar.at/shop/lebensmittel/p/2020001463015","data":[{"key":"price","value":"2,99 €"},{"key":"oldPrice","value":"\n\t\t\t\t\t\n\t\t\t\t\t \n\t\t\t\t"},{"key":"pricePerUnit","value":"(8.54 €/kg)"},{"key":"productDetailsName","value":"S-BUDGET - Weichkäse cremig & mild - 350 G"},{"key":"detailsDescription","value":"350 G"},{"key":"articleNumber","value":"Artikelnummer: 2020001463015"},{"key":"Lagerhinweis:","value":["Vor und nach dem Öffnen gekühlt lagern bei +2°C bis +8°C. Nach dem Öffnen innerhalb von etwa 4 Tagen genießen."]},{"key":"Zutaten:","value":["Zutaten: Pasteurisierte MILCH, RAHM, Salz unjodiert, mikrobielles Lab, Käsereikulturen. In Großbuchstaben angegebene Zutaten enthalten allergene Inhaltsstoffe."]},{"key":"Allergene:","value":["Enthält:Milch und daraus gewonnene Erzeugnisse (inkl. Laktose)"]},{"key":"","value":["Laktosefrei"]},{"key":"Identitätskennzeichen:","value":["DE SN 006 EG"]},{"key":"Ursprungsland/Herkunftsort:","value":["Sorgfältig hergestellt in Deutschland"]},{"key":"Verbrauchen nach dem Öffnen:","value":["4 Tage"]},{"key":"Kontakt:","value":["SPAR Österr. Warenhandels-AG","Europastraße 3, 5015 Salzburg, Österreich"]}],"nutritions":[{"key":"","value":"Unzubereitet"},{"key":" ","value":"100 g"},{"key":"Energie","value":"1465 kJ | 354 kcal"},{"key":"Fett","value":"32 g"},{"key":"Fett, davon gesättigte Fettsäuren","value":"21 g"},{"key":"Kohlenhydrate","value":"< 0,5 g"},{"key":"Kohlenhydrate, davon Zucker","value":"< 0,5 g"},{"key":"Ballaststoffe","value":"0 g"},{"key":"Eiweiß","value":"16 g"},{"key":"Salz","value":"1,7 g"},{"key":"Broteinheiten","value":"0 BE"}],"tags":["Gekühlt","Lactosefrei","immer Billig"]},
    {"url":"https://www.interspar.at/shop/lebensmittel/p/2020001463060","data":[{"key":"price","value":"2,99 €"},{"key":"oldPrice","value":"\n\t\t\t\t\t\n\t\t\t\t\t \n\t\t\t\t"},{"key":"pricePerUnit","value":"(8.54 €/kg)"},{"key":"productDetailsName","value":"S-BUDGET - Weichkäse fein & würzig - 350 G"},{"key":"detailsDescription","value":"350 G"},{"key":"articleNumber","value":"Artikelnummer: 2020001463060"},{"key":"Lagerhinweis:","value":["Vor und nach dem Öffnen gekühlt lagern bei +2°C bis +8°C. Nach dem Öffnen innerhalb von etwa 4 Tagen genießen."]},{"key":"Zutaten:","value":["Zutaten: Pasteurisierte MILCH, RAHM, Salz unjodiert, mikrobielles Lab, Farbstoff: Paprikaextrakt, Käsereikulturen. In Großbuchstaben angegebene Zutaten enthalten allergene Inhaltsttoffe."]},{"key":"Allergene:","value":["Enthält:Milch und daraus gewonnene Erzeugnisse (inkl. Laktose)"]},{"key":"","value":["Laktosefrei"]},{"key":"Identitätskennzeichen:","value":["DE SN 006 EG"]},{"key":"Ursprungsland/Herkunftsort:","value":["Sorgfältig hergestellt in Deutschland"]},{"key":"Verbrauchen nach dem Öffnen:","value":["4 Tage"]},{"key":"Kontakt:","value":["SPAR Österr. Warenhandels-AG","Europastraße 3, 5015 Salzburg, Österreich"]}],"nutritions":[{"key":"","value":"Unzubereitet"},{"key":" ","value":"100 g"},{"key":"Energie","value":"1465 kJ | 354 kcal"},{"key":"Fett","value":"32 g"},{"key":"Fett, davon gesättigte Fettsäuren","value":"21 g"},{"key":"Kohlenhydrate","value":"< 0,5 g"},{"key":"Kohlenhydrate, davon Zucker","value":"< 0,5 g"},{"key":"Ballaststoffe","value":"0 g"},{"key":"Eiweiß","value":"16 g"},{"key":"Salz","value":"1,8 g"},{"key":"Broteinheiten","value":"0 BE"}],"tags":["Gekühlt","Lactosefrei","immer Billig"]},
    {"url":"https://www.interspar.at/shop/lebensmittel/p/6780654","data":[{"key":"price","value":"1,19 €"},{"key":"oldPrice","value":"\n\t\t\t\t\t\n\t\t\t\t\t \n\t\t\t\t"},{"key":"pricePerUnit","value":"(5.95 €/kg)"},{"key":"productDetailsName","value":"S-BUDGET - Brie - 200 G"},{"key":"detailsDescription","value":"200 G"},{"key":"articleNumber","value":"Artikelnummer: 6780654"},{"key":"Lagerhinweis:","value":["Vor und nach dem Öffnen gekühlt lagern. Nach dem Öffnen alsbald verbrauchen."]},{"key":"Zutaten:","value":["Zutaten: Pasteurisierte KUHMILCH, Käsereikulturen, Speisesalz. In Großbuchstaben angegebene Zutaten enhalten allergene Inhaltsstoffe."]},{"key":"Allergene:","value":["Enthält:Milch und daraus gewonnene Erzeugnisse (inkl. Laktose)"]},{"key":"Identitätskennzeichen:","value":["FR 55.551.001 CE"]},{"key":"Ursprungsland/Herkunftsort:","value":["Sorgfältig hergestellt in Frankreich"]},{"key":"Kontakt:","value":["SPAR Österr. Warenhandels-AG","Europastraße 3, 5015 Salzburg, Österreich","office@spar.at"]}],"nutritions":[{"key":"","value":"Unzubereitet"},{"key":" ","value":"100 g"},{"key":"Energie","value":"1444 kJ | 349 kcal"},{"key":"Fett","value":"31 g"},{"key":"Fett, davon gesättigte Fettsäuren","value":"20 g"},{"key":"Kohlenhydrate","value":"0,5 g"},{"key":"Kohlenhydrate, davon Zucker","value":"< 0,5 g"},{"key":"Ballaststoffe","value":"0 g"},{"key":"Eiweiß","value":"17 g"},{"key":"Salz","value":"1,4 g"}],"tags":["Gekühlt","Glutenfrei","Lactosefrei","immer Billig"]},
    {"url":"https://www.interspar.at/shop/lebensmittel/p/2020001854721","data":[{"key":"price","value":"1,99 €"},{"key":"oldPrice","value":"\n\t\t\t\t\t\n\t\t\t\t\t \n\t\t\t\t"},{"key":"pricePerUnit","value":"(13.27 €/kg)"},{"key":"productDetailsName","value":"SPAR - Cheddar in Scheiben - 150 G"},{"key":"detailsDescription","value":"150 G"},{"key":"articleNumber","value":"Artikelnummer: 2020001854721"},{"key":"Lagerhinweis:","value":["Vor und nach dem Öffnen gekühlt lagern. Nach dem Öffnen alsbald genießen."]},{"key":"Zutaten:","value":["Zutaten: KUHMILCH pasteurisiert, Salz unjodiert, Käsereikultur, mikrobielles Lab, Farbstoff: Annatto (Bixin, Norbixin). In Großbuchstaben angegebene Zutaten enthalten allergene Inhaltsstoffe."]},{"key":"Allergene:","value":["Enthält:Milch und daraus gewonnene Erzeugnisse (inkl. Laktose)"]},{"key":"Identitätskennzeichen:","value":["NL Z 0647 EC"]},{"key":"Zusatztext:","value":["mindestens 4 Monate gereift"]},{"key":"Ursprungsland/Herkunftsort:","value":["Sorgfältig hergestellt in Irland abgepackt in den Niederlanden"]},{"key":"Kontakt:","value":["SPAR Österr. Warenhandels-AG","Europastraße 3, 5015 Salzburg, Österreich","office@spar.at"]}],"nutritions":[],"tags":["Gekühlt"]},
    {"url":"https://www.interspar.at/shop/lebensmittel/p/1321623","data":[{"key":"price","value":"1,45 €"},{"key":"oldPrice","value":"\n\t\t\t\t\t\n\t\t\t\t\t \n\t\t\t\t"},{"key":"pricePerUnit","value":"(14.50 €/kg)"},{"key":"productDetailsName","value":"President - Französischer Brie - 1 KG"},{"key":"detailsDescription","value":"1 KG"},{"key":"articleNumber","value":"Artikelnummer: 1321623"},{"key":"Lagerhinweis:","value":["Gekühlt lagern bei +2° - +8°C."]},{"key":"Zutaten:","value":["Zutaten: pasteurisierte KUHMILCH, Salz, Lab. In Großbuchstaben angegebene Zutaten enthalten allergene Inhaltsstoffe."]},{"key":"Allergene:","value":["Enthält:Milch und daraus gewonnene Erzeugnisse (inkl. Laktose)"]},{"key":"Identitätskennzeichen:","value":["FR 88.115.001 CE"]},{"key":"Ursprungsland/Herkunftsort:","value":["Frankreich"]},{"key":"Kontakt:","value":["Lactalis Fromages","53089 Laval Cedex 9, Frankreich"]}],"nutritions":[{"key":"","value":"Unzubereitet"},{"key":" ","value":"100 g"},{"key":"Energie","value":"1436 kJ | 347 kcal"},{"key":"Fett","value":"31 g"},{"key":"Fett, davon gesättigte Fettsäuren","value":"22 g"},{"key":"Kohlenhydrate","value":"0,1 g"},{"key":"Kohlenhydrate, davon Zucker","value":"0,5 g"},{"key":"Ballaststoffe","value":"0 g"},{"key":"Eiweiß","value":"17 g"},{"key":"Salz","value":"1,3 g"}],"tags":["Gekühlt","Glutenfrei"]},
    {"url":"https://www.interspar.at/shop/lebensmittel/p/1385625","data":[{"key":"price","value":"2,99 €"},{"key":"oldPrice","value":"\n\t\t\t\t\t\n\t\t\t\t\t \n\t\t\t\t"},{"key":"pricePerUnit","value":"(11.96 €/kg)"},{"key":"productDetailsName","value":"President - Camembert L’Original 8 Portionen - 250 G"},{"key":"detailsDescription","value":"250 G"},{"key":"articleNumber","value":"Artikelnummer: 1385625"},{"key":"Lagerhinweis:","value":["Bei +4°C bis +8°C lagern."]},{"key":"Zutaten:","value":["Zutaten: CAMEMBERT. In Großbuchstaben angegebene Zutaten enthalten allergene Inhaltsstoffe."]},{"key":"Allergene:","value":["Enthält:Milch und daraus gewonnene Erzeugnisse (inkl. Laktose)"]},{"key":"Zusatztext:","value":["Vollmundig-cremig"]},{"key":"Ursprungsland/Herkunftsort:","value":["Hergestellt in Frankreich"]},{"key":"Kontakt:","value":["Lactalis Deutschland GmbH","Am Yachthafen 2, 77694 Kehl/Rhein, Deutschland"]}],"nutritions":[],"tags":["Gekühlt","Glutenfrei"]},
    {"url":"https://www.interspar.at/shop/lebensmittel/p/1387025","data":[{"key":"price","value":"2,99 €"},{"key":"oldPrice","value":"\n\t\t\t\t\t\n\t\t\t\t\t \n\t\t\t\t"},{"key":"pricePerUnit","value":"(11.96 €/kg)"},{"key":"productDetailsName","value":"President - Camembert L'Aromatique - 250 G"},{"key":"detailsDescription","value":"250 G"},{"key":"articleNumber","value":"Artikelnummer: 1387025"},{"key":"Lagerhinweis:","value":["Bei +4°C bis +8°C lagern."]},{"key":"Zutaten:","value":["Zutaten: CAMEMBERT. In Großbuchstaben angegebene Zutaten enthalten allergene Inhaltsstoffe."]},{"key":"Allergene:","value":["Enthält:Milch und daraus gewonnene Erzeugnisse (inkl. Laktose)"]},{"key":"Identitätskennzeichen:","value":["FR 61.145.001 CE"]},{"key":"Zusatztext:","value":["Fein-würzig"]},{"key":"Ursprungsland/Herkunftsort:","value":["Hergestellt in Frankreich"]},{"key":"Kontakt:","value":["Lactalis Deutschland GmbH","Am Yachthafen 2, 77694 Kehl/Rhein, Deutschland"]}],"nutritions":[],"tags":["Gekühlt","Glutenfrei"]},
    {"url":"https://www.interspar.at/shop/lebensmittel/p/2020000427513","data":[{"key":"price","value":"0,99 €"},{"key":"oldPrice","value":"\n\t\t\t\t\t\n\t\t\t\t\t \n\t\t\t\t"},{"key":"pricePerUnit","value":"(19.90 €/kg)"},{"key":"productDetailsName","value":"El Pastor - Spanische Schafkäserolle - 1 KG"},{"key":"detailsDescription","value":"1 KG"},{"key":"articleNumber","value":"Artikelnummer: 2020000427513"},{"key":"Lagerhinweis:","value":["Gekühlt (+3°-8°C) lagern und nach dem Öffnen innerhalb von 5 Tagen verbrauchen."]},{"key":"Zutaten:","value":["Zutaten: SCHAFMILCH, Salz, Lab, Starterkulturen. In Großbuchstaben angegebene Zutaten enthalten allergene Inhaltsstoffe."]},{"key":"Allergene:","value":["Enthält:Milch und daraus gewonnene Erzeugnisse (inkl. Laktose)"]},{"key":"Identitätskennzeichen:","value":["ES 15.00264/ZA CE"]},{"key":"Ursprungsland/Herkunftsort:","value":["Spanien"]},{"key":"Kontakt:","value":["H.M. Weihs","Birostraße 14, 1230 Wien, Österreich"]}],"nutritions":[{"key":"","value":"Unzubereitet"},{"key":" ","value":"100 g"},{"key":"Energie","value":"1435 kJ | 424 kcal"},{"key":"Fett","value":"30,2 g"},{"key":"Fett, davon gesättigte Fettsäuren","value":"21 g"},{"key":"Kohlenhydrate","value":"1 g"},{"key":"Kohlenhydrate, davon Zucker","value":"1 g"},{"key":"Ballaststoffe","value":"0 g"},{"key":"Eiweiß","value":"17,7 g"},{"key":"Salz","value":"1,2 g"},{"key":"Broteinheiten","value":"0,1 BE"}],"tags":["Gekühlt"]},
    {"url":"https://www.interspar.at/shop/lebensmittel/p/2020000442035","data":[{"key":"price","value":"1,39 €"},{"key":"oldPrice","value":"\n\t\t\t\t\t\n\t\t\t\t\t \n\t\t\t\t"},{"key":"pricePerUnit","value":"(27.90 €/kg)"},{"key":"productDetailsName","value":"Badoz - Hartkäse - 1 KG"},{"key":"detailsDescription","value":"1 KG"},{"key":"articleNumber","value":"Artikelnummer: 2020000442035"},{"key":"Lagerhinweis:","value":["Gekühlt lagern bei +2° - +8°C."]},{"key":"Zutaten:","value":["Zutaten: ROHMILCH, Salz, Lab, Kulturen. In Großbuchstaben angegebene Zutaten enthalten allergene Inhaltsstoffe."]},{"key":"Allergene:","value":["Enthält:Milch und daraus gewonnene Erzeugnisse (inkl. Laktose)"]},{"key":"Identitätskennzeichen:","value":["FR 25-462-002 CE"]},{"key":"Ursprungsland/Herkunftsort:","value":["Frankreich"]},{"key":"Kontakt:","value":["Fromagerie Badoz","4 Rue Eiffel, 25300 Pontarlier, Frankreich"]}],"nutritions":[{"key":"","value":"Unzubereitet"},{"key":" ","value":"100 g"},{"key":"Energie","value":"1735 kJ | 414 kcal"},{"key":"Fett","value":"34 g"},{"key":"Fett, davon gesättigte Fettsäuren","value":"20 g"},{"key":"Kohlenhydrate","value":"0,5 g"},{"key":"Kohlenhydrate, davon Zucker","value":"0,5 g"},{"key":"Ballaststoffe","value":"0 g"},{"key":"Eiweiß","value":"28 g"},{"key":"Salz","value":"0,8 g"}],"tags":["Gekühlt"]},
    {"url":"https://www.interspar.at/shop/lebensmittel/p/2020000549772","data":[{"key":"price","value":"1,24 €"},{"key":"oldPrice","value":"\n\t\t\t\t\t\n\t\t\t\t\t \n\t\t\t\t"},{"key":"pricePerUnit","value":"(24.90 €/kg)"},{"key":"productDetailsName","value":"Valvo - Pecorino Siciliano - 1 KG"},{"key":"detailsDescription","value":"1 KG"},{"key":"articleNumber","value":"Artikelnummer: 2020000549772"},{"key":"Lagerhinweis:","value":["Gekühlt lagern bei +2° - 6°C."]},{"key":"Zutaten:","value":["Zutaten: Pasteurisierte SCHAFMILCH, Lab, Kulturen, Salz. In Großbuchstaben angegebene Zutaten enthalten allergene Inhaltsstoffe."]},{"key":"Allergene:","value":["Enthält:Milch und daraus gewonnene Erzeugnisse (inkl. Laktose)"]},{"key":"Identitätskennzeichen:","value":["IT 19/039 CE"]},{"key":"Ursprungsland/Herkunftsort:","value":["Italien"]},{"key":"Kontakt:","value":["Caseificio Valvo S.R.L","C/Da Selerno Enna Sicilia, Italien"]}],"nutritions":[{"key":"","value":"Unzubereitet"},{"key":" ","value":"100 g"},{"key":"Energie","value":"1590 kJ | 380 kcal"},{"key":"Fett","value":"27 g"},{"key":"Fett, davon gesättigte Fettsäuren","value":"15 g"},{"key":"Kohlenhydrate","value":"6,3 g"},{"key":"Kohlenhydrate, davon Zucker","value":"0,92 g"},{"key":"Ballaststoffe","value":"0 g"},{"key":"Eiweiß","value":"27,8 g"},{"key":"Salz","value":"5 g"},{"key":"Broteinheiten","value":"0,5 BE"}],"tags":["Gekühlt"]},
    {"url":"https://www.interspar.at/shop/lebensmittel/p/2020000673866","data":[{"key":"price","value":"4,79 €"},{"key":"oldPrice","value":"\n\t\t\t\t\t\n\t\t\t\t\t \n\t\t\t\t"},{"key":"pricePerUnit","value":"(36.85 €/kg)"},{"key":"productDetailsName","value":"Occelli - Weichkäse Tuma Paja mini - 130 G"},{"key":"detailsDescription","value":"130 G"},{"key":"articleNumber","value":"Artikelnummer: 2020000673866"},{"key":"Lagerhinweis:","value":["Bei +6/+8°C mindestens haltbar bis:"]},{"key":"Zutaten:","value":["Zutaten: KUHMILCH 82%, SCHAFSMILCH 15%, SAHNE, Salz, Kulturen, Lab. Enthält Milch und Laktose. In Großbuchstaben angegebene Zutaten enthalten allergene Inhaltsstoffe."]},{"key":"Allergene:","value":["Enthält:Milch und daraus gewonnene Erzeugnisse (inkl. Laktose)"]},{"key":"Zubereitung:","value":["Verzehrfertigverzehrfertig"]},{"key":"Identitätskennzeichen:","value":["IT C048R CE"]},{"key":"Ursprungsland/Herkunftsort:","value":["Italien"]},{"key":"Kontakt:","value":["Occelli Agrinatura S.R.L.","Reg. Scarrone 2, 12060 Farigliano, Italien"]}],"nutritions":[],"tags":["Gekühlt","Glutenfrei"]},
    {"url":"https://www.interspar.at/shop/lebensmittel/p/2020000780427","data":[{"key":"price","value":"2,49 €"},{"key":"oldPrice","value":"\n\t\t\t\t\t\n\t\t\t\t\t \n\t\t\t\t"},{"key":"pricePerUnit","value":"(12.45 €/kg)"},{"key":"productDetailsName","value":"Efko - Hering Salat mit Roten Rüben leicht & gut - 200 G"},{"key":"detailsDescription","value":"200 G"},{"key":"articleNumber","value":"Artikelnummer: 2020000780427"},{"key":"Lagerhinweis:","value":["Gekühlt lagern: +3 bis +9°C. Nach dem Öffnen noch 3 Tage haltbar."]},{"key":"Zutaten:","value":["Zutaten: 32% Leichtmayonnaise 25% Fett (Wasser, 27% QimiQ-Rahmzubereitung [RAHM 15% Fett, Gelatine], Rapsöl, JOGHURTPULVER, EIGELB, Senf (Wasser, SENFSAAT, Weingeistessig, Zucker, Speisesalz, Gewürze, Aroma), Speisesalz, Verdickungsmittel: Xanthan, Säuerungsmittel: Citronensäure, Konservierungsstoff: Natriumbenzoat und Kaliumsorbat, Süßungsmittel: Saccharin), 30% HERINGSSTÜCKE, Kartoffel, 10% Rote Rüben, Gurken, Zwiebel, Dill, Aroma. In Großbuchstaben angegebene Zutaten enthalten allergene Inhaltsstoffe."]},{"key":"Allergene:","value":["Enthält:Eier und daraus gewonnene Erzeugnisse, Fische und daraus gewonnene Erzeugnisse, Milch und daraus gewonnene Erzeugnisse (inkl. Laktose), Senf und daraus gewonnene Erzeugnisse"]},{"key":"Verbrauchen nach dem Öffnen:","value":["3 Tage"]},{"key":"Kontakt:","value":["efko","Hinzenbach 38, 4070 Eferding, Österreich"]}],"nutritions":[{"key":"","value":"Unzubereitet"},{"key":" ","value":"100 g"},{"key":"Energie","value":"153 kJ | 634 kcal"},{"key":"Fett","value":"12 g"},{"key":"Fett, davon gesättigte Fettsäuren","value":"2,5 g"},{"key":"Kohlenhydrate","value":"3,7 g"},{"key":"Kohlenhydrate, davon Zucker","value":"0,7 g"},{"key":"Eiweiß","value":"6,6 g"},{"key":"Salz","value":"1,1 g"}],"tags":["Gekühlt"]},
    {"url":"https://www.interspar.at/shop/lebensmittel/p/2020001708093","data":[{"key":"price","value":"1,99 €"},{"key":"oldPrice","value":"\n\t\t\t\t\t\n\t\t\t\t\t \n\t\t\t\t"},{"key":"pricePerUnit","value":"(19.90 €/kg)"},{"key":"productDetailsName","value":"Höhlenrebell -  - 1 KG"},{"key":"detailsDescription","value":"1 KG"},{"key":"articleNumber","value":"Artikelnummer: 2020001708093"},{"key":"Lagerhinweis:","value":["Bei +2-8°C lagern."]},{"key":"Zutaten:","value":["Zutaten: MILCH, Salz, Käsereikulturen, tierisches Lab. Rinde nicht zum Verzehr geeignet. In Großbuchstaben angegebene Zutaten enthalten allergene Inhaltsstoffe."]},{"key":"Allergene:","value":["Enthält:Milch und daraus gewonnene Erzeugnisse (inkl. Laktose)"]},{"key":"Identitätskennzeichen:","value":["DE BY 149 EG"]},{"key":"Kontakt:","value":["Käserebellen GmbH","Auerbergstraße 8, 86989 Steingaden"]}],"nutritions":[{"key":"","value":"Unzubereitet"},{"key":" ","value":"100 g"},{"key":"Energie","value":"1738 kJ | 419 kcal"},{"key":"Fett","value":"35 g"},{"key":"Fett, davon gesättigte Fettsäuren","value":"23,1 g"},{"key":"Kohlenhydrate","value":"0,1 g"},{"key":"Kohlenhydrate, davon Zucker","value":"0,1 g"},{"key":"Ballaststoffe","value":"0 g"},{"key":"Eiweiß","value":"26 g"},{"key":"Salz","value":"1,8 g"}],"tags":["Gekühlt"]},
    {"url":"https://www.interspar.at/shop/lebensmittel/p/2165431","data":[{"key":"price","value":"1,79 €"},{"key":"oldPrice","value":"\n\t\t\t\t\t\n\t\t\t\t\t \n\t\t\t\t"},{"key":"pricePerUnit","value":"(8.95 €/kg)"},{"key":"productDetailsName","value":"Brunch - Brotaufstrich Indian Curry - 200 G"},{"key":"detailsDescription","value":"200 G"},{"key":"articleNumber","value":"Artikelnummer: 2165431"},{"key":"Lagerhinweis:","value":["Gekühlt lagern."]},{"key":"Zutaten:","value":["Zutaten: 57% MAGERMILCHJOGURT, 8% pflanzliches Fett ganz gehärtet (Kokos), 8% pflanzliches Öl (Palm), Weisskohl, Zucker, Apfelmus, Glucosesirup, Tomatenmark, Karotten, Zwiebeln, MILCHEIWEISS, FRISCHKÄSE,  0,7% Curry, Chili, Gewürze, Speisewürze, Branntweinessig, Speisesalz, Speisegelatine, Verdickungsmittel: Johannisbrotkernmehl; Aroma, Farbstoff: Carotin. In Großbuchstaben angegebene Zutaten enthalten allergene Inhaltsstoffe."]},{"key":"Allergene:","value":["Enthält:Milch und daraus gewonnene Erzeugnisse (inkl. Laktose)"]},{"key":"Identitätskennzeichen:","value":["DE BY 714 EG"]},{"key":"Kontakt:","value":["Brunch","PF 45, 1104 Wien, Österreich"]}],"nutritions":[{"key":"","value":"Unzubereitet"},{"key":" ","value":"100 g"},{"key":"Energie","value":"879 kJ | 212 kcal"},{"key":"Fett","value":"17 g"},{"key":"Fett, davon gesättigte Fettsäuren","value":"12 g"},{"key":"Kohlenhydrate","value":"11 g"},{"key":"Kohlenhydrate, davon Zucker","value":"8,1 g"},{"key":"Eiweiß","value":"3,7 g"},{"key":"Salz","value":"1 g"},{"key":"","value":"Unzubereitet"},{"key":" ","value":"Portion (20 g)"},{"key":"Energie","value":"176 kJ | 42 kcal"},{"key":"Fett","value":"3,4 g"},{"key":"Fett, davon gesättigte Fettsäuren","value":"2,4 g"},{"key":"Kohlenhydrate","value":"2,2 g"},{"key":"Kohlenhydrate, davon Zucker","value":"1,6 g"},{"key":"Eiweiß","value":"0,7 g"},{"key":"Salz","value":"0,2 g"}],"tags":["Gekühlt"]},
    {"url":"https://www.interspar.at/shop/lebensmittel/p/3046258","data":[{"key":"price","value":"1,99 €"},{"key":"oldPrice","value":"\n\t\t\t\t\t\n\t\t\t\t\tstatt 2,49 €\n\t\t\t\t"},{"key":"pricePerUnit","value":"(13.27 €/kg)"},{"key":"productDetailsName","value":"Castello - Weichkäse Weißschimmel - 150 G"},{"key":"detailsDescription","value":"150 G"},{"key":"articleNumber","value":"Artikelnummer: 3046258"},{"key":"Lagerhinweis:","value":["Gekühlt aufbewahren bei +2°C - +8°C."]},{"key":"Zutaten:","value":["Zutaten: MILCH, SAHNE, Milchsäurekulturen. In Großbuchstaben angegebene Zutaten enthalten allergene Inhaltsstoffe."]},{"key":"Allergene:","value":["Enthält:Milch und daraus gewonnene Erzeugnisse (inkl. Laktose)"]},{"key":"Identitätskennzeichen:","value":["DK-278 EC"]},{"key":"Kontakt:","value":["Arla Foods Deutschland GmbH","Wahlerstraße 2, 40472 Düsseldorf, Deutschland"]}],"nutritions":[{"key":"","value":"Unzubereitet"},{"key":" ","value":"100 g"},{"key":"Energie","value":"1692 kJ | 410 kcal"},{"key":"Fett","value":"39 g"},{"key":"Fett, davon gesättigte Fettsäuren","value":"25 g"},{"key":"Kohlenhydrate","value":"0,5 g"},{"key":"Kohlenhydrate, davon Zucker","value":"0,5 g"},{"key":"Eiweiß","value":"14 g"},{"key":"Salz","value":"1,5 g"}],"tags":["Glutenfrei"]},
    {"url":"https://www.interspar.at/shop/lebensmittel/p/3365854","data":[{"key":"price","value":"2,49 €"},{"key":"oldPrice","value":"\n\t\t\t\t\t\n\t\t\t\t\t \n\t\t\t\t"},{"key":"pricePerUnit","value":"(12.45 €/kg)"},{"key":"productDetailsName","value":"Efko - Thunfischsalat mit Mayonnaise - 200 G"},{"key":"detailsDescription","value":"200 G"},{"key":"articleNumber","value":"Artikelnummer: 3365854"},{"key":"Lagerhinweis:","value":["Gekühlt lagern (+3°C bis +9°C)"]},{"key":"Zutaten:","value":["Zutaten: 35% Mayonnaise 50% Fett (Rapsöl, Wasser, EIGELB, Apfelessig, Zucker, modifizierte Maisstärke, Salz, Konservierungsmittel: Kaliumsorbat und Natriumbenzoat), 30% THUNFISCH, 25% Gemüse in veränderlichen Gewichtsanteilen (Zwiebel, Erbsen, Paprika), Zucker, Senf (Wasser, SENFSAAT, Zucker, Weinessig, Weingeistessig, Salz, Gewürze), Apfelessig, Salz, flüssige Würze (pflanzliches Eiweißhydrolsat (enthält SOJA), Salz), Farbstoff: Paprika-Extrakt, Säuerungsmittel: Citronensäure, Weinsäure, Äpfelsäure. In Großbuchstaben angegebene Zutaten enthalten allergene Inhaltsstoffe."]},{"key":"Allergene:","value":["Enthält:Eier und daraus gewonnene Erzeugnisse, Fische und daraus gewonnene Erzeugnisse, Senf und daraus gewonnene Erzeugnisse, Sojabohnen und daraus gewonnene Erzeugnisse"]},{"key":"Abtropfgewicht:","value":["200 g"]},{"key":"Verwendungshinweis:","value":["Nach dem Öffnen noch 3 Tage haltbar."]},{"key":"Kontakt:","value":["efko","Hinzenbach 38, 4070 Eferding, Österreich"]}],"nutritions":[{"key":"","value":"Unzubereitet"},{"key":" ","value":"100 g"},{"key":"Energie","value":"1108 kJ | 267 kcal"},{"key":"Fett","value":"22 g"},{"key":"Fett, davon gesättigte Fettsäuren","value":"2,9 g"},{"key":"Kohlenhydrate","value":"7,9 g"},{"key":"Kohlenhydrate, davon Zucker","value":"5,5 g"},{"key":"Ballaststoffe","value":"0,9 g"},{"key":"Eiweiß","value":"7,8 g"},{"key":"Salz","value":"2,1 g"}],"tags":["Glutenfrei","Lactosefrei"]},
    {"url":"https://www.interspar.at/shop/lebensmittel/p/3554975","data":[{"key":"price","value":"1,30 €"},{"key":"oldPrice","value":"\n\t\t\t\t\t\n\t\t\t\t\t \n\t\t\t\t"},{"key":"pricePerUnit","value":"(25.90 €/kg)"},{"key":"productDetailsName","value":"Forlasa - Manchego D.O.P. - 1 KG"},{"key":"detailsDescription","value":"1 KG"},{"key":"articleNumber","value":"Artikelnummer: 3554975"},{"key":"Lagerhinweis:","value":["Gekühlt bei 4-6° lagern."]},{"key":"Zutaten:","value":["Zutaten: Pasteurisierte SCHAFMILCH, Salz, Milchenzyme, Labferment, Konservierungsstoff: Lysozym (aus HÜHNEREI), Konservierungsstoff: Sorbinsäure*. *in der Rinde. In Großbuchstaben angegebene Zutaten enthalten allergene Inhalttstoffe."]},{"key":"Allergene:","value":["Enthält:Eier und daraus gewonnene Erzeugnisse, Milch und daraus gewonnene Erzeugnisse (inkl. Laktose)"]},{"key":"Identitätskennzeichen:","value":["ES 15.00108/AB EC"]},{"key":"Kontakt:","value":["Interfood Lebensmittel GH GmbH","Innsbruckerstraße 77, 6060 Hall in Tirol, Österreich"]}],"nutritions":[{"key":"","value":"Unzubereitet"},{"key":" ","value":"100 g"},{"key":"Energie","value":"1922 kJ | 462 kcal"},{"key":"Fett","value":"39 g"},{"key":"Fett, davon gesättigte Fettsäuren","value":"28 g"},{"key":"Kohlenhydrate","value":"1,8 g"},{"key":"Kohlenhydrate, davon Zucker","value":"1 g"},{"key":"Ballaststoffe","value":"0 g"},{"key":"Eiweiß","value":"25 g"},{"key":"Salz","value":"1,5 g"},{"key":"Broteinheiten","value":"0,2 BE"}],"tags":["Gekühlt","Glutenfrei"]},
    {"url":"https://www.interspar.at/shop/lebensmittel/p/4666240","data":[{"key":"price","value":"1,24 €"},{"key":"oldPrice","value":"\n\t\t\t\t\t\n\t\t\t\t\t \n\t\t\t\t"},{"key":"pricePerUnit","value":"(24.90 €/kg)"},{"key":"productDetailsName","value":"Appenzeller - Switzerland mild-würzig - 1 KG"},{"key":"detailsDescription","value":"1 KG"},{"key":"articleNumber","value":"Artikelnummer: 4666240"},{"key":"Lagerhinweis:","value":["Gekühlt lagern bei +2° - +7°C."]},{"key":"Zutaten:","value":["Zutaten: silofreie KUHROHMILCH, Lab, Salz, Käsereikulturen. In Großbuchstaben angegeben Zutaten enthalten allergene Inhaltsstoffe."]},{"key":"Allergene:","value":["Enthält:Milch und daraus gewonnene Erzeugnisse (inkl. Laktose)"]},{"key":"Ursprungsland/Herkunftsort:","value":["Schweiz"]},{"key":"Kontakt:","value":["Emmi Österreich GmbH","Illweg 8, 6714 Nüziders, Österreich"]}],"nutritions":[{"key":"","value":"Unzubereitet"},{"key":" ","value":"100 g"},{"key":"Energie","value":"1626 kJ | 392 kcal"},{"key":"Fett","value":"32 g"},{"key":"Fett, davon gesättigte Fettsäuren","value":"19 BE"},{"key":"Kohlenhydrate","value":"1 g"},{"key":"Kohlenhydrate, davon Zucker","value":"0 g"},{"key":"Ballaststoffe","value":"0 g"},{"key":"Eiweiß","value":"25 g"},{"key":"Salz","value":"0,62 g"},{"key":"Broteinheiten","value":"0,1 BE"}],"tags":["Gekühlt","Glutenfrei","Lactosefrei"]},
    {"url":"https://www.interspar.at/shop/lebensmittel/p/5327331","data":[{"key":"price","value":"1,79 €"},{"key":"oldPrice","value":"\n\t\t\t\t\t\n\t\t\t\t\t \n\t\t\t\t"},{"key":"pricePerUnit","value":"(8.95 €/kg)"},{"key":"productDetailsName","value":"Brunch - Brotaufstrich Paprika & Peperoni - 200 G"},{"key":"detailsDescription","value":"200 G"},{"key":"articleNumber","value":"Artikelnummer: 5327331"},{"key":"Lagerhinweis:","value":["Gekühlt lagern."]},{"key":"Zutaten:","value":["Zutaten: 67% MAGERMILCHJOGHURT, 10% pflanzliches Fett ganz gehärtet (Kokos), 10% pflanzliches Öl (Palm), 6% Paprika, Tomatenmark, Peperoni, FRISCHKÄSE, Speisesalz, Gewürze, MILCHEIWEISS, Speisegelatine, Verdickungsmittel: Johannisbrotkernmehl, Aroma, Farbstoff: Carotin. In Großbuchstaben angegebene Zutaten enthalten allergene Inhaltsstoffe."]},{"key":"Allergene:","value":["Enthält:Milch und daraus gewonnene Erzeugnisse (inkl. Laktose)"]},{"key":"Identitätskennzeichen:","value":["DE BY 714 EG"]},{"key":"Kontakt:","value":["Brunch","PF 45, 1104 Wien, Österreich"]}],"nutritions":[{"key":" ","value":"100 g"},{"key":"","value":"Unzubereitet"},{"key":"Energie","value":"879 kJ | 213 kcal"},{"key":"Fett","value":"20 g"},{"key":"Fett, davon gesättigte Fettsäuren","value":"15 g"},{"key":"Kohlenhydrate","value":"3,7 g"},{"key":"Kohlenhydrate, davon Zucker","value":"3,5 g"},{"key":"Eiweiß","value":"4,5 g"},{"key":"Salz","value":"1,2 g"},{"key":" ","value":"Portion (20 g)"},{"key":"","value":"Unzubereitet"},{"key":"Energie","value":"176 kJ | 43 kcal"},{"key":"Fett","value":"4 g"},{"key":"Fett, davon gesättigte Fettsäuren","value":"3 g"},{"key":"Kohlenhydrate","value":"0,7 g"},{"key":"Kohlenhydrate, davon Zucker","value":"0,7 g"},{"key":"Eiweiß","value":"0,9 g"},{"key":"Salz","value":"0,24 g"}],"tags":["Gekühlt","Glutenfrei"]},
    {"url":"https://www.interspar.at/shop/lebensmittel/p/5327348","data":[{"key":"price","value":"1,79 €"},{"key":"oldPrice","value":"\n\t\t\t\t\t\n\t\t\t\t\t \n\t\t\t\t"},{"key":"pricePerUnit","value":"(8.95 €/kg)"},{"key":"productDetailsName","value":"Brunch - Kräuter Balance - 200 G"},{"key":"detailsDescription","value":"200 G"},{"key":"articleNumber","value":"Artikelnummer: 5327348"},{"key":"Lagerhinweis:","value":["Gekühlt lagern."]},{"key":"Zutaten:","value":["Zutaten: 73% MAGERMILCHJOGHURT, 8% pflanzliches Fett ganz gehärtet (Kokos), 8% pflanzliches Öl (Palm), Inulin, MILCHEIWEISS, Speisesalz, modifizierte Stärke (Mais), Kräuter, Speisegelatine, Verdickungsmittel: Johannisbrotkernmehl, Gewürze, Farbstoff: Carotin. In Großbuchstaben angegebene Zutaten enthalten allergene Inhaltsstoffe."]},{"key":"Allergene:","value":["Enthält:Milch und daraus gewonnene Erzeugnisse (inkl. Laktose)"]},{"key":"","value":["33% weniger Fett als Brunch Original"]},{"key":"Identitätskennzeichen:","value":["DE BY 714 EG"]},{"key":"Kontakt:","value":["Brunch","PF 45, 1104 Wien, Österreich"]}],"nutritions":[{"key":"","value":"Unzubereitet"},{"key":" ","value":"100 g"},{"key":"Energie","value":"757 kJ | 183 kcal"},{"key":"Fett","value":"16 g"},{"key":"Fett, davon gesättigte Fettsäuren","value":"12 g"},{"key":"Kohlenhydrate","value":"4,3 g"},{"key":"Kohlenhydrate, davon Zucker","value":"3,3 g"},{"key":"Eiweiß","value":"5,4 g"},{"key":"Salz","value":"1,1 g"},{"key":"","value":"Unzubereitet"},{"key":" ","value":"Portion (20 g)"},{"key":"Energie","value":"151 kJ | 37 kcal"},{"key":"Fett","value":"3,2 g"},{"key":"Fett, davon gesättigte Fettsäuren","value":"2,4 g"},{"key":"Kohlenhydrate","value":"0,9 g"},{"key":"Kohlenhydrate, davon Zucker","value":"0,7 g"},{"key":"Eiweiß","value":"1,1 g"},{"key":"Salz","value":"0,22 g"}],"tags":["Gekühlt","Glutenfrei"]},
    {"url":"https://www.interspar.at/shop/lebensmittel/p/5343393","data":[{"key":"price","value":"1,24 €"},{"key":"oldPrice","value":"\n\t\t\t\t\t\n\t\t\t\t\t \n\t\t\t\t"},{"key":"pricePerUnit","value":"(24.90 €/kg)"},{"key":"productDetailsName","value":"Fransial - Brie de Meaux A.O.P. - 1 KG"},{"key":"detailsDescription","value":"1 KG"},{"key":"articleNumber","value":"Artikelnummer: 5343393"},{"key":"Zutaten:","value":["Zutaten: ROHMILCH, Lab, Salz. In Großbuchstaben angegebene Zutaten enthalten allergene Inhaltsstoffe."]},{"key":"Allergene:","value":["Enthält:Milch und daraus gewonnene Erzeugnisse (inkl. Laktose)"]},{"key":"Identitätskennzeichen:","value":["FR 77470 02 CE"]},{"key":"Kontakt:","value":["Fromagerie Germain","8 Rue de l'Aiguillon, 52160 Chalancey, Frankreich"]}],"nutritions":[{"key":"","value":"Unzubereitet"},{"key":" ","value":"100 g"},{"key":"Energie","value":"1240 kJ | 288 kcal"},{"key":"Fett","value":"22,5 g"},{"key":"Kohlenhydrate","value":"15 g"},{"key":"Kohlenhydrate, davon Zucker","value":"0 g"},{"key":"Ballaststoffe","value":"0 g"},{"key":"Eiweiß","value":"20 g"},{"key":"Salz","value":"0 g"},{"key":"Broteinheiten","value":"1,3 BE"}],"tags":["Gekühlt","Glutenfrei"]},
    {"url":"https://www.interspar.at/shop/lebensmittel/p/5680702","data":[{"key":"price","value":"1,70 €"},{"key":"oldPrice","value":"\n\t\t\t\t\t\n\t\t\t\t\t \n\t\t\t\t"},{"key":"pricePerUnit","value":"(33.90 €/kg)"},{"key":"productDetailsName","value":"Höhle Kaltbach - Le Gruyere - 1 KG"},{"key":"detailsDescription","value":"1 KG"},{"key":"articleNumber","value":"Artikelnummer: 5680702"},{"key":"Lagerhinweis:","value":["Gekühlt lagern bei +2° bis + 7°C."]},{"key":"Zutaten:","value":["Zutaten: KUHROHMILCH, Speisesalz jodiert (Salz, Kaliumjodid), tierisches Lab, Milchsäurebakterien. In Großbuchstaben angegebene Zutaten enthalten allergene Inhaltsstoffe."]},{"key":"Allergene:","value":["Enthält:Milch und daraus gewonnene Erzeugnisse (inkl. Laktose)"]},{"key":"Ursprungsland/Herkunftsort:","value":["Schweiz"]},{"key":"Kontakt:","value":["Emmi Österreich GmbH","Illweg 8, 6714 Nüziders, Österreich"]}],"nutritions":[{"key":"","value":"Unzubereitet"},{"key":" ","value":"100 g"},{"key":"Energie","value":"1660 kJ | 400 kcal"},{"key":"Fett","value":"32 g"},{"key":"Fett, davon gesättigte Fettsäuren","value":"19 BE"},{"key":"Kohlenhydrate","value":"1 g"},{"key":"Kohlenhydrate, davon Zucker","value":"0 g"},{"key":"Ballaststoffe","value":"0 g"},{"key":"Eiweiß","value":"27 g"},{"key":"Salz","value":"0,59 g"},{"key":"Broteinheiten","value":"0,1 BE"}],"tags":["Gekühlt","Glutenfrei","Lactosefrei"]},
    {"url":"https://www.interspar.at/shop/lebensmittel/p/5907861","data":[{"key":"price","value":"0,99 €"},{"key":"oldPrice","value":"\n\t\t\t\t\t\n\t\t\t\t\t \n\t\t\t\t"},{"key":"pricePerUnit","value":"(19.90 €/kg)"},{"key":"productDetailsName","value":"El Pastor - Ziegenkäse - 1 KG"},{"key":"detailsDescription","value":"1 KG"},{"key":"articleNumber","value":"Artikelnummer: 5907861"},{"key":"Lagerhinweis:","value":["Gekühlt lagern."]},{"key":"Zutaten:","value":["Zutaten: ZIEGENMILCH, Salz, pflanzliches Lab, Starterkulturen. In Großbuchstaben angegebene Zutaten enthalten allergene Inhaltsstoffe."]},{"key":"Allergene:","value":["Enthält:Milch und daraus gewonnene Erzeugnisse (inkl. Laktose)"]},{"key":"Identitätskennzeichen:","value":["ES 15.00264/ZA CE"]},{"key":"Ursprungsland/Herkunftsort:","value":["Spanien"]},{"key":"Kontakt:","value":["Hijos de Salvador Rodriguez","Ctra. Mozar, km1, 49620 Santa Cristina de la Polvorosa, Spanien"]}],"nutritions":[{"key":"","value":"Unzubereitet"},{"key":" ","value":"100 g"},{"key":"Energie","value":"1340 kJ | 324 kcal"},{"key":"Fett","value":"29 g"},{"key":"Fett, davon gesättigte Fettsäuren","value":"21 g"},{"key":"Kohlenhydrate","value":"0,7 g"},{"key":"Kohlenhydrate, davon Zucker","value":"0,5 g"},{"key":"Ballaststoffe","value":"0 g"},{"key":"Eiweiß","value":"15 g"},{"key":"Salz","value":"1,3 g"},{"key":"Broteinheiten","value":"0,1 BE"}],"tags":["Gekühlt"]},
    {"url":"https://www.interspar.at/shop/lebensmittel/p/6050368","data":[{"key":"price","value":"0,64 €"},{"key":"oldPrice","value":"\n\t\t\t\t\t\n\t\t\t\t\t \n\t\t\t\t"},{"key":"pricePerUnit","value":"(12.90 €/kg)"},{"key":"productDetailsName","value":"Kerrygold - Cheddar mild - 1 KG"},{"key":"detailsDescription","value":"1 KG"},{"key":"articleNumber","value":"Artikelnummer: 6050368"},{"key":"Lagerhinweis:","value":["Bei +8°C lagern."]},{"key":"Zutaten:","value":["Zutaten: Pasteurisierte KUHMILCH, Starterkulturen, mikrobielles Lab, Salz, Milchsäurebakterien, Farbstoff Annato, Labenzym. In Großbuchstaben angegebene Zutaten enthalten allergene Inhaltsstoffe."]},{"key":"Allergene:","value":["Enthält:Milch und daraus gewonnene Erzeugnisse (inkl. Laktose)"]},{"key":"","value":["Laktosefrei"]},{"key":"Identitätskennzeichen:","value":["NL Z 0647 EG"]},{"key":"Ursprungsland/Herkunftsort:","value":["Deutschland"]},{"key":"Kontakt:","value":["IDB Deutschland GmbH","Kerrygoldstraße 1, 47506 Neukirchen-Vluyn, Deutschland"]}],"nutritions":[{"key":" ","value":"100 g"},{"key":"","value":"Unzubereitet"},{"key":"Energie","value":"1626 kJ | 392 kcal"},{"key":"Fett","value":"32 g"},{"key":"Fett, davon gesättigte Fettsäuren","value":"20 g"},{"key":"Kohlenhydrate","value":"0 g"},{"key":"Kohlenhydrate, davon Zucker","value":"0 g"},{"key":"Eiweiß","value":"26 g"},{"key":"Salz","value":"1,9 g"}],"tags":["Gekühlt","Lactosefrei"]},
    {"url":"https://www.interspar.at/shop/lebensmittel/p/6323820","data":[{"key":"price","value":"1,49 €"},{"key":"oldPrice","value":"\n\t\t\t\t\t\n\t\t\t\t\t \n\t\t\t\t"},{"key":"pricePerUnit","value":"(29.90 €/kg)"},{"key":"productDetailsName","value":"Montesinos - Schafkäse Don Heliodoro - 1 KG"},{"key":"detailsDescription","value":"1 KG"},{"key":"articleNumber","value":"Artikelnummer: 6323820"},{"key":"Lagerhinweis:","value":["Gekühlt lagern."]},{"key":"Zutaten:","value":["Zutaten: SCHAFROHMILCH, Salz, Festigungsmittel: Calciumchlorid, Lab, Milchsäurebakterien, Konservierungsstoff: Kaliumnitrat, Lysozym (aus EI). In Großbuchstaben angegebene Zutaten enthalten allergene Inhaltsstoffe."]},{"key":"Allergene:","value":["Enthält:Eier und daraus gewonnene Erzeugnisse, Milch und daraus gewonnene Erzeugnisse (inkl. Laktose)"]},{"key":"Identitätskennzeichen:","value":["15389 MU"]},{"key":"Zusatztext:","value":["Fett absolut: 35%"]},{"key":"Kontakt:","value":["Vega Mancha","Quesos Vega Sotuélamos S.L.C / Tesifonte Gallego 10, Albacete, Spanien"]}],"nutritions":[{"key":"","value":"Unzubereitet"},{"key":" ","value":"100 g"},{"key":"Energie","value":"1730 kJ | 417 kcal"},{"key":"Fett","value":"34,4 g"},{"key":"Fett, davon gesättigte Fettsäuren","value":"23,9 g"},{"key":"Kohlenhydrate","value":"2 g"},{"key":"Kohlenhydrate, davon Zucker","value":"0 g"},{"key":"Ballaststoffe","value":"0,5 g"},{"key":"Eiweiß","value":"25 g"},{"key":"Salz","value":"1,5 g"}],"tags":["Gekühlt","Lactosefrei"]},
    {"url":"https://www.interspar.at/shop/lebensmittel/p/7017773","data":[{"key":"price","value":"2,99 €"},{"key":"oldPrice","value":"\n\t\t\t\t\t\n\t\t\t\t\t \n\t\t\t\t"},{"key":"pricePerUnit","value":"(14.95 €/kg)"},{"key":"productDetailsName","value":"President - Ziegenrolle St. Maure - 200 G"},{"key":"detailsDescription","value":"200 G"},{"key":"articleNumber","value":"Artikelnummer: 7017773"},{"key":"Lagerhinweis:","value":["Gekühlt lagern bei +4°C-8°C."]},{"key":"Zutaten:","value":["Zutaten: pasteurisierte ZIEGENMILCH , Salz, Milchfermente, Lab. In Großbuchstaben angegebene Zutaten enthalten allergene Inhaltsstoffe."]},{"key":"Allergene:","value":["Enthält:Milch und daraus gewonnene Erzeugnisse (inkl. Laktose)"]},{"key":"Identitätskennzeichen:","value":["FR79.299.001 CE"]},{"key":"Ursprungsland/Herkunftsort:","value":["Frankreich"]},{"key":"Kontakt:","value":["Lactalis Deutschland GmbH","Postfach 2069, 77680 Kehl/Rhein, Deutschland"]}],"nutritions":[{"key":"","value":"Unzubereitet"},{"key":" ","value":"100 g"},{"key":"Energie","value":"1231 kJ | 297 kcal"},{"key":"Fett","value":"25 g"},{"key":"Fett, davon gesättigte Fettsäuren","value":"18 g"},{"key":"Kohlenhydrate","value":"0 g"},{"key":"Kohlenhydrate, davon Zucker","value":"0 g"},{"key":"Ballaststoffe","value":"0 g"},{"key":"Eiweiß","value":"18 g"},{"key":"Salz","value":"0 g"}],"tags":["Gekühlt","Glutenfrei"]},
    {"url":"https://www.interspar.at/shop/lebensmittel/p/7619724","data":[{"key":"price","value":"1,79 €"},{"key":"oldPrice","value":"\n\t\t\t\t\t\n\t\t\t\t\t \n\t\t\t\t"},{"key":"pricePerUnit","value":"(8.95 €/kg)"},{"key":"productDetailsName","value":"Brunch - Brotaufstrich Original - 200 G"},{"key":"detailsDescription","value":"200 G"},{"key":"articleNumber","value":"Artikelnummer: 7619724"},{"key":"Lagerhinweis:","value":["Gekühlt lagern."]},{"key":"Zutaten:","value":["Zutaten: 79% RAHM, 15% MAGERMILCHJOGHURT, MILCHEIWEISS, FRISCHKÄSE, Speisesalz, Speisegelatine. In Großbuchstaben angegebene Zutaten enthalten allergene Inhaltsstoffe."]},{"key":"Allergene:","value":["Enthält:Milch und daraus gewonnene Erzeugnisse (inkl. Laktose)"]},{"key":"Identitätskennzeichen:","value":["DE BY 714 EG"]},{"key":"Kontakt:","value":["Brunch","PF 45, 1104 Wien, Österreich"]}],"nutritions":[{"key":"","value":"Unzubereitet"},{"key":" ","value":"100 g"},{"key":"Energie","value":"1041 kJ | 252 kcal"},{"key":"Fett","value":"24 g"},{"key":"Fett, davon gesättigte Fettsäuren","value":"16 g"},{"key":"Kohlenhydrate","value":"3,3 g"},{"key":"Kohlenhydrate, davon Zucker","value":"3,3 g"},{"key":"Eiweiß","value":"5,7 g"},{"key":"Salz","value":"0,7 g"},{"key":"","value":"Unzubereitet"},{"key":" ","value":"Portion (20 g)"},{"key":"Energie","value":"208 kJ | 50 kcal"},{"key":"Fett","value":"4,8 g"},{"key":"Fett, davon gesättigte Fettsäuren","value":"3,2 g"},{"key":"Kohlenhydrate","value":"0,7 g"},{"key":"Kohlenhydrate, davon Zucker","value":"0,7 g"},{"key":"Eiweiß","value":"1,1 g"},{"key":"Salz","value":"0,14 g"}],"tags":["Gekühlt"]},
    {"url":"https://www.interspar.at/shop/lebensmittel/p/7619762","data":[{"key":"price","value":"1,79 €"},{"key":"oldPrice","value":"\n\t\t\t\t\t\n\t\t\t\t\t \n\t\t\t\t"},{"key":"pricePerUnit","value":"(8.95 €/kg)"},{"key":"productDetailsName","value":"Brunch - Brotaufstrich Feine Kräuter - 200 G"},{"key":"detailsDescription","value":"200 G"},{"key":"articleNumber","value":"Artikelnummer: 7619762"},{"key":"Lagerhinweis:","value":["Gekühlt lagern."]},{"key":"Zutaten:","value":["Zutaten: 78% Rahm, 15% MAGERMILCHJOGHURT, MILCHEIWEISS, Speisesalz, FRISCHKÄSE, Kräuter, Speisegelatine, Gewürze. In Großbuchstaben angegebene Zutaten enthalten allergene Inhaltsstoffe."]},{"key":"Allergene:","value":["Enthält:Milch und daraus gewonnene Erzeugnisse (inkl. Laktose)"]},{"key":"Identitätskennzeichen:","value":["DE BY 714 EG"]},{"key":"Kontakt:","value":["Brunch","PF 45, 1104 Wien, Österreich"]}],"nutritions":[{"key":"","value":"Unzubereitet"},{"key":" ","value":"100 g"},{"key":"Energie","value":"1050 kJ | 254 kcal"},{"key":"Fett","value":"24 g"},{"key":"Fett, davon gesättigte Fettsäuren","value":"16 g"},{"key":"Kohlenhydrate","value":"3,8 g"},{"key":"Kohlenhydrate, davon Zucker","value":"3,2 g"},{"key":"Eiweiß","value":"5,7 g"},{"key":"Salz","value":"1,2 g"},{"key":"","value":"Unzubereitet"},{"key":" ","value":"Portion (20 g)"},{"key":"Energie","value":"210 kJ | 51 kcal"},{"key":"Fett","value":"4,8 g"},{"key":"Fett, davon gesättigte Fettsäuren","value":"3,2 g"},{"key":"Kohlenhydrate","value":"0,8 g"},{"key":"Kohlenhydrate, davon Zucker","value":"0,6 g"},{"key":"Eiweiß","value":"1,1 g"},{"key":"Salz","value":"0,24 g"}],"tags":["Gekühlt"]},
    {"url":"https://www.interspar.at/shop/lebensmittel/p/774178","data":[{"key":"price","value":"0,99 €"},{"key":"oldPrice","value":"\n\t\t\t\t\t\n\t\t\t\t\t \n\t\t\t\t"},{"key":"pricePerUnit","value":"(19.90 €/kg)"},{"key":"productDetailsName","value":"Brie Maxim's de Paris - Franz. Weichkäse - 1 KG"},{"key":"detailsDescription","value":"1 KG"},{"key":"articleNumber","value":"Artikelnummer: 774178"},{"key":"Zutaten:","value":["Zutaten: pasteurisierte KUHMILCH, Salz, tierisches Lab. In Großbuchstaben angegebene Zutaten enthalten allergene Inhaltsstoffe."]},{"key":"Allergene:","value":["Enthält:Milch und daraus gewonnene Erzeugnisse (inkl. Laktose)"]},{"key":"Kontakt:","value":["SPAR"]}],"nutritions":[{"key":"","value":"Unzubereitet"},{"key":" ","value":"100 g"},{"key":"Energie","value":"1473 kJ | 356 kcal"},{"key":"Fett","value":"32 g"},{"key":"Fett, davon gesättigte Fettsäuren","value":"23 g"},{"key":"Kohlenhydrate","value":"0 g"},{"key":"Kohlenhydrate, davon Zucker","value":"0 g"},{"key":"Ballaststoffe","value":"0 g"},{"key":"Eiweiß","value":"17 g"},{"key":"Salz","value":"1,4 g"}],"tags":["Gekühlt","Glutenfrei"]},
    {"url":"https://www.interspar.at/shop/lebensmittel/p/7873140","data":[{"key":"price","value":"1,79 €"},{"key":"oldPrice","value":"\n\t\t\t\t\t\n\t\t\t\t\t \n\t\t\t\t"},{"key":"pricePerUnit","value":"(8.95 €/kg)"},{"key":"productDetailsName","value":"Brunch - Sweet Thai Chili - 200 G"},{"key":"detailsDescription","value":"200 G"},{"key":"articleNumber","value":"Artikelnummer: 7873140"},{"key":"Lagerhinweis:","value":["Gekühlt lagern."]},{"key":"Zutaten:","value":["Zutaten: 67% MAGERMILCHJOGHURT, 10% pflanzliches Fett ganz gehärtet (Kokos), 10% pflanzliches Öl (Palm), Paprika, Zucker, MILCHEIWEISS, FRISCHKÄSE, Speisesalz, Ingwer, Branntweinessig, Lemongrass, Speisegelatine, Chili, Verdickungsmittel: Johannisbrotkernmehl, Gewürze, Aroma, Zitronensaftkonzentrat, Hefeextrakt, Farbstoff: Carotin, Pilzpulver, Lorbeerblätter, Gewürzextrakte. In Großbuchstaben angegebene Zutaten enthalten allergene Inhaltsstoffe."]},{"key":"Allergene:","value":["Enthält:Milch und daraus gewonnene Erzeugnisse (inkl. Laktose)"]},{"key":"Identitätskennzeichen:","value":["DE BY 714 EG"]},{"key":"Kontakt:","value":["Brunch","PF 45, 1104 Wien, Österreich"]}],"nutritions":[{"key":"","value":"Unzubereitet"},{"key":" ","value":"100 g"},{"key":"Energie","value":"896 kJ | 217 kcal"},{"key":"Fett","value":"20 g"},{"key":"Fett, davon gesättigte Fettsäuren","value":"15 g"},{"key":"Kohlenhydrate","value":"5 g"},{"key":"Kohlenhydrate, davon Zucker","value":"4,2 g"},{"key":"Eiweiß","value":"4,2 g"},{"key":"Salz","value":"1 g"},{"key":"","value":"Unzubereitet"},{"key":" ","value":"Portion (20 g)"},{"key":"Energie","value":"179 kJ | 43 kcal"},{"key":"Fett","value":"4 g"},{"key":"Fett, davon gesättigte Fettsäuren","value":"3 g"},{"key":"Kohlenhydrate","value":"1 g"},{"key":"Kohlenhydrate, davon Zucker","value":"0,8 g"},{"key":"Eiweiß","value":"0,8 g"},{"key":"Salz","value":"0,2 g"}],"tags":["Gekühlt"]},
    {"url":"https://www.interspar.at/shop/lebensmittel/p/5749768","data":[{"key":"price","value":"4,79 €"},{"key":"oldPrice","value":"\n\t\t\t\t\t\n\t\t\t\t\t \n\t\t\t\t"},{"key":"pricePerUnit","value":"(25.89 €/kg)"},{"key":"productDetailsName","value":"Borsault - Weichkäse - 185 G"},{"key":"detailsDescription","value":"185 G"},{"key":"articleNumber","value":"Artikelnummer: 5749768"},{"key":"Lagerhinweis:","value":["Bei +2°C bis +8°C lagern."]},{"key":"Zutaten:","value":["Zutaten: MILCH, Lab, Salz. In Großbuchstaben angegebene Zutaten enthalten allergene Inhaltsstoffe."]},{"key":"Allergene:","value":["Enthält:Milch und daraus gewonnene Erzeugnisse (inkl. Laktose)"]},{"key":"Identitätskennzeichen:","value":["FR 53.152.001 CE"]},{"key":"Kontakt:","value":["Lamercantile Scardovi GmbH","Baumgasse 70, 1030 Wien, Österreich"]}],"nutritions":[{"key":"","value":"Unzubereitet"},{"key":" ","value":"100 g"},{"key":"Energie","value":"1504 kJ | 363 kcal"},{"key":"Fett","value":"32,1 g"},{"key":"Fett, davon gesättigte Fettsäuren","value":"21,9 g"},{"key":"Kohlenhydrate","value":"0,5 g"},{"key":"Kohlenhydrate, davon Zucker","value":"0,5 g"},{"key":"Ballaststoffe","value":"0 g"},{"key":"Eiweiß","value":"16,8 g"},{"key":"Salz","value":"1,9 g"}],"tags":["Gekühlt","Glutenfrei"]},
    {"url":"https://www.interspar.at/shop/lebensmittel/p/6910853","data":[{"key":"price","value":"4,09 €"},{"key":"oldPrice","value":"\n\t\t\t\t\t\n\t\t\t\t\t \n\t\t\t\t"},{"key":"pricePerUnit","value":"(51.13 €/kg)"},{"key":"productDetailsName","value":"Fromi - Picandou Frais - 80 G"},{"key":"detailsDescription","value":"80 G"},{"key":"articleNumber","value":"Artikelnummer: 6910853"},{"key":"Lagerhinweis:","value":["Bei 0°C bis + 7°C aufbewahren."]},{"key":"Zutaten:","value":["Zutaten: ZIEGENMILCH, Salz. In Großbuchstaben angegebene Zutaten enthalten allergene Inhaltsstoffe."]},{"key":"Allergene:","value":["Enthält:Milch und daraus gewonnene Erzeugnisse (inkl. Laktose)"]},{"key":"Ursprungsland/Herkunftsort:","value":["Frankreich"]},{"key":"Kontakt:","value":["Laiteries Hubert Triballat","Route des Malvettes, 18220 Rians, Frankreich"]}],"nutritions":[],"tags":["Gekühlt","Glutenfrei"]},
    {"url":"https://www.interspar.at/shop/lebensmittel/p/7617447","data":[{"key":"price","value":"1,79 €"},{"key":"oldPrice","value":"\n\t\t\t\t\t\n\t\t\t\t\t \n\t\t\t\t"},{"key":"pricePerUnit","value":"(8.95 €/kg)"},{"key":"productDetailsName","value":"Brunch - Brotauftrich Balance mit Joghurt - 200 G"},{"key":"detailsDescription","value":"200 G"},{"key":"articleNumber","value":"Artikelnummer: 7617447"},{"key":"Lagerhinweis:","value":["Gekühlt lagern."]},{"key":"Zutaten:","value":["Zutaten: 74% MAGERMILCHJOGHURT, 8% pflanzliches Fett ganz gehärtet (Kokos), 8% pflanzliches Öl (Palm), Inulin, MILCHEIWEISS, modifizierte Stärke (Mais), Speisegelatine, Speisesalz, Verdickungsmittel: Johannisbrotkernmehl, Farbstoff: Carotin. In Großbuchstaben angegebene Zutaten enthalten allergene Inhaltsstoffe."]},{"key":"Allergene:","value":["Enthält:Milch und daraus gewonnene Erzeugnisse (inkl. Laktose)"]},{"key":"","value":["33% weniger Fett als Brunch Original"]},{"key":"Identitätskennzeichen:","value":["DE BY 714 EG"]},{"key":"Kontakt:","value":["Edelweiss GmbH & Co. KG","D-87435 Kempten"]}],"nutritions":[{"key":"","value":"Unzubereitet"},{"key":" ","value":"100 g"},{"key":"Energie","value":"760 kJ | 184 kcal"},{"key":"Fett","value":"16 g"},{"key":"Fett, davon gesättigte Fettsäuren","value":"12 g"},{"key":"Kohlenhydrate","value":"4,7 g"},{"key":"Kohlenhydrate, davon Zucker","value":"3,7 g"},{"key":"Eiweiß","value":"5,2 g"},{"key":"Salz","value":"0,7 g"},{"key":"","value":"Unzubereitet"},{"key":" ","value":"Portion (20 g)"},{"key":"Energie","value":"152 kJ | 37 kcal"},{"key":"Fett","value":"3,2 g"},{"key":"Fett, davon gesättigte Fettsäuren","value":"2,4 g"},{"key":"Kohlenhydrate","value":"0,9 g"},{"key":"Kohlenhydrate, davon Zucker","value":"0,7 g"},{"key":"Eiweiß","value":"1 g"},{"key":"Salz","value":"0,14 g"}],"tags":["Gekühlt"]},
    {"url":"https://www.interspar.at/shop/lebensmittel/p/3045794","data":[{"key":"price","value":"2,49 €"},{"key":"oldPrice","value":"\n\t\t\t\t\t\n\t\t\t\t\t \n\t\t\t\t"},{"key":"pricePerUnit","value":"(24.90 €/kg)"},{"key":"productDetailsName","value":"Weichkäse -  - 1 KG"},{"key":"detailsDescription","value":"1 KG"},{"key":"articleNumber","value":"Artikelnummer: 3045794"},{"key":"Zutaten:","value":["Zutaten: pasteurisierte SCHAFMILCH, Salz, Käsereikulturen, mikrobielles Lab, Farbstoff: Annatto*. *in der Rinde. In Großbuchstaben angegebene Zutaten enthalten allergene Inhaltsstoffe."]},{"key":"Allergene:","value":["Enthält:Milch und daraus gewonnene Erzeugnisse (inkl. Laktose)"]},{"key":"Kontakt:","value":["SPAR"]}],"nutritions":[{"key":"","value":"Unzubereitet"},{"key":" ","value":"100 g"},{"key":"Energie","value":"1123 kJ | 271 kcal"},{"key":"Fett","value":"23 g"},{"key":"Fett, davon gesättigte Fettsäuren","value":"16 g"},{"key":"Kohlenhydrate","value":"0,5 g"},{"key":"Kohlenhydrate, davon Zucker","value":"0 g"},{"key":"Ballaststoffe","value":"0 g"},{"key":"Eiweiß","value":"16 g"},{"key":"Salz","value":"1,5 g"}],"tags":["Gekühlt","Glutenfrei"]},
    {"url":"https://www.interspar.at/shop/lebensmittel/p/4758839","data":[{"key":"price","value":"0,89 €"},{"key":"oldPrice","value":"\n\t\t\t\t\t\n\t\t\t\t\t \n\t\t\t\t"},{"key":"pricePerUnit","value":"(1.78 €/l)"},{"key":"productDetailsName","value":"SPAR Natur*pur - Bio-Buttermilch 1% Fett aus Wiesenmilch - 0,5 L"},{"key":"detailsDescription","value":"0,5 L"},{"key":"articleNumber","value":"Artikelnummer: 4758839"},{"key":"Lagerhinweis:","value":["Vor und nach dem Öffnen gekühlt lagern. Nach dem Öffnen innerhalb von 2-4 Tagen verbrauchen."]},{"key":"Zutaten:","value":["Zutaten: pasteurisierter MILCH*, Milchsäurebakterien. *aus biologischer Landwirtschaft. In Großbuchstaben angegebene Zutaten enthalten allergene Inhaltsstoffe."]},{"key":"Allergene:","value":["Enthält:Milch und daraus gewonnene Erzeugnisse (inkl. Laktose)"]},{"key":"Bio-Kontrollstelle:","value":["AT-BIO-301"]},{"key":"Ökoherkunft:","value":["Österreich-Landwirtschaft"]},{"key":"Identitätskennzeichen:","value":["AT 20130 EG"]},{"key":"Ursprungsland/Herkunftsort:","value":["Qualität aus Österreich"]},{"key":"Verbrauchen nach dem Öffnen:","value":["2 Tage"]},{"key":"Verwendungshinweis:","value":["Vor dem Öffnen schütteln!"]},{"key":"Kontakt:","value":["SPAR Österr. Warenhandels-AG","Europastraße 3, 5015 Salzburg, Österreich"]}],"nutritions":[{"key":"","value":"Unzubereitet"},{"key":" ","value":"100 ml"},{"key":"Energie","value":"174 kJ | 41 kcal"},{"key":"Fett","value":"1 g"},{"key":"Fett, davon gesättigte Fettsäuren","value":"0,7 g"},{"key":"Kohlenhydrate","value":"4,1 g"},{"key":"Kohlenhydrate, davon Zucker","value":"4,1 g"},{"key":"Ballaststoffe","value":"0 g"},{"key":"Eiweiß","value":"3,4 g"},{"key":"Salz","value":"0,13 g"},{"key":"Broteinheiten","value":"0,3 BE"}],"tags":["Bio","immer Billig"]},
    {"url":"https://www.interspar.at/shop/lebensmittel/p/2020001628735","data":[{"key":"price","value":"0,99 €"},{"key":"oldPrice","value":"\n\t\t\t\t\t\n\t\t\t\t\tstatt 1,39 €\n\t\t\t\t"},{"key":"pricePerUnit","value":"(1.98 €/l)"},{"key":"productDetailsName","value":"SPAR Natur*pur - Bio-Buttermilch Erdbeere - 0,5 L"},{"key":"detailsDescription","value":"0,5 L"},{"key":"articleNumber","value":"Artikelnummer: 2020001628735"},{"key":"Lagerhinweis:","value":["Vor und nach dem Öffnen gekühlt lagern. Nach dem Öffnen innerhalb von 2-4 Tagen verbrauchen."]},{"key":"Zutaten:","value":["Zutaten: BUTTERMILCH*, 12% Erdbeerpüree*, Zucker*, Zitronensaftkonzentrat*, schwarzes Karottensaftkonzentrat*, Verdickungsmittel: Johannisbrotkernmehl*. *aus biologischer Landwirtschaft. In Großbuchstaben angegebene Zutaten enthalten allergene Inhaltsstoffe."]},{"key":"Allergene:","value":["Enthält:Milch und daraus gewonnene Erzeugnisse (inkl. Laktose)"]},{"key":"","value":["ohne Aromazusatz"]},{"key":"Bio-Kontrollstelle:","value":["AT-BIO-902"]},{"key":"Ökoherkunft:","value":["EU-/Nicht-EU-Landwirtschaft"]},{"key":"Identitätskennzeichen:","value":["AT 50164 EG"]},{"key":"Ursprungsland/Herkunftsort:","value":["hergestellt in Österreich"]},{"key":"Verbrauchen nach dem Öffnen:","value":["2 Tage"]},{"key":"Verwendungshinweis:","value":["Vor dem Öffnen schütteln!"]},{"key":"Kontakt:","value":["SPAR Österr. Warenhandels-AG","Europastraße 3, 5015 Salzburg, Österreich","office@spar.at"]}],"nutritions":[{"key":"","value":"Unzubereitet"},{"key":" ","value":"100 ml"},{"key":"Energie","value":"288 kJ | 68 kcal"},{"key":"Fett","value":"0,9 g"},{"key":"Fett, davon gesättigte Fettsäuren","value":"0,6 g"},{"key":"Kohlenhydrate","value":"12 g"},{"key":"Kohlenhydrate, davon Zucker","value":"12 g"},{"key":"Ballaststoffe","value":"0 g"},{"key":"Eiweiß","value":"3 g"},{"key":"Salz","value":"0,01 g"},{"key":"Broteinheiten","value":"1 BE"}],"tags":["Bio"]},
    {"url":"https://www.interspar.at/shop/lebensmittel/p/4886563","data":[{"key":"price","value":"0,99 €"},{"key":"oldPrice","value":"\n\t\t\t\t\t\n\t\t\t\t\tstatt 1,39 €\n\t\t\t\t"},{"key":"pricePerUnit","value":"(1.98 €/l)"},{"key":"productDetailsName","value":"SPAR Natur*pur - Bio-Buttermilch Marille-Maracuja - 0,5 L"},{"key":"detailsDescription","value":"0,5 L"},{"key":"articleNumber","value":"Artikelnummer: 4886563"},{"key":"Lagerhinweis:","value":["Vor und nach dem Öffnen gekühlt lagern. Nach dem Öffnen innerhalb von 2-4 Tage verbrauchen."]},{"key":"Zutaten:","value":["Zutaten: Buttermilch aus pasteurisierter MILCH*, 9,4% Marillenpüree*, Zucker*, 2,6% Maracujasaft*, Stabilisator: Johannisbrotkernmehl*. *aus biologischer Landwirtschaft. In Großbuchstaben angegebene Zutaten erhalten allergene Inhaltsstoffe."]},{"key":"Allergene:","value":["Enthält:Milch und daraus gewonnene Erzeugnisse (inkl. Laktose)"]},{"key":"","value":["ohne Aromazusatz"]},{"key":"Bio-Kontrollstelle:","value":["AT-BIO-902"]},{"key":"Ökoherkunft:","value":["EU-/Nicht-EU-Landwirtschaft"]},{"key":"Identitätskennzeichen:","value":["AT 50164 EG"]},{"key":"Ursprungsland/Herkunftsort:","value":["hergestellt in Österreich"]},{"key":"Verbrauchen nach dem Öffnen:","value":["2 Tage"]},{"key":"Verwendungshinweis:","value":["Vor dem Öffnen schütteln!"]},{"key":"Kontakt:","value":["SPAR Österr. Warenhandels-AG","Europastraße 3, 5015 Salzburg, Österreich"]}],"nutritions":[{"key":"","value":"Unzubereitet"},{"key":" ","value":"100 ml"},{"key":"Energie","value":"282 kJ | 67 kcal"},{"key":"Fett","value":"0,8 g"},{"key":"Fett, davon gesättigte Fettsäuren","value":"0,5 g"},{"key":"Kohlenhydrate","value":"12 g"},{"key":"Kohlenhydrate, davon Zucker","value":"12 g"},{"key":"Ballaststoffe","value":"0 g"},{"key":"Eiweiß","value":"2,8 g"},{"key":"Salz","value":"0,01 g"},{"key":"Broteinheiten","value":"1 BE"}],"tags":["Bio"]},
    {"url":"https://www.interspar.at/shop/lebensmittel/p/4886334","data":[{"key":"price","value":"0,99 €"},{"key":"oldPrice","value":"\n\t\t\t\t\t\n\t\t\t\t\tstatt 1,39 €\n\t\t\t\t"},{"key":"pricePerUnit","value":"(1.98 €/l)"},{"key":"productDetailsName","value":"SPAR Natur*pur - Bio-Buttermilch Himbeere-Brombeere - 0,5 L"},{"key":"detailsDescription","value":"0,5 L"},{"key":"articleNumber","value":"Artikelnummer: 4886334"},{"key":"Lagerhinweis:","value":["Vor und nach dem Öffnen gekühlt lagern. Nach dem Öffnen innerhalb von 2-4 Tagen verbrauchen."]},{"key":"Zutaten:","value":["Zutaten: Buttermilch aus pasteurisierter MILCH*, Zucker*, 6,5% Himbeerpüree*, 5,5% Brombeerpüree*, Holundersaftkonzentrat*, Stabilisator: Johannisbrotkernmehl*, Zitronensaftkonzentrat*. *aus biologischer Landwirtschaft. In Großbuchstaben angegebene Zutaten erhalten allergene Inhaltsstoffe."]},{"key":"Allergene:","value":["Enthält:Milch und daraus gewonnene Erzeugnisse (inkl. Laktose)"]},{"key":"","value":["ohne Aromazusatz"]},{"key":"Bio-Kontrollstelle:","value":["AT-BIO-902"]},{"key":"Ökoherkunft:","value":["EU-/Nicht-EU-Landwirtschaft"]},{"key":"Identitätskennzeichen:","value":["AT 50164 EG"]},{"key":"Ursprungsland/Herkunftsort:","value":["hergestellt in Österreich"]},{"key":"Verbrauchen nach dem Öffnen:","value":["2 Tage"]},{"key":"Verwendungshinweis:","value":["Vor dem Öffnen schütteln!"]},{"key":"Kontakt:","value":["SPAR Österr. Warenhandels-AG","Europastraße 3, 5015 Salzburg, Österreich"]}],"nutritions":[{"key":"","value":"Unzubereitet"},{"key":" ","value":"100 ml"},{"key":"Energie","value":"276 kJ | 65 kcal"},{"key":"Fett","value":"0,9 g"},{"key":"Fett, davon gesättigte Fettsäuren","value":"0,5 g"},{"key":"Kohlenhydrate","value":"11 g"},{"key":"Kohlenhydrate, davon Zucker","value":"11 g"},{"key":"Ballaststoffe","value":"0 g"},{"key":"Eiweiß","value":"2,9 g"},{"key":"Salz","value":"0,01 g"},{"key":"Broteinheiten","value":"0,9 BE"}],"tags":["Bio"]},
    {"url":"https://www.interspar.at/shop/lebensmittel/p/2020001085699","data":[{"key":"price","value":"0,99 €"},{"key":"oldPrice","value":"\n\t\t\t\t\t\n\t\t\t\t\t \n\t\t\t\t"},{"key":"pricePerUnit","value":"(1.98 €/kg)"},{"key":"productDetailsName","value":"Schärdinger Meine Linie - Buttermilch Erdbeere & Preiselbeere - 500 G"},{"key":"detailsDescription","value":"500 G"},{"key":"articleNumber","value":"Artikelnummer: 2020001085699"},{"key":"Lagerhinweis:","value":["Gekühlt bei max. + 6 °C lagern. Vor dem Genuss gut schütteln!"]},{"key":"Zutaten:","value":["Zutaten: 71 % BUTTERMILCH laktosefrei, 12 % Erdbeerpüree, Wasser, Zucker, 1,5 % Preiselbeersaft aus Preiselbeersaftkonzentrat, Aroniasaftkonzentrat, Zitronensaftkonzentrat. In Großbuchstaben angegebene Zutaten enthalten allergene Inhaltsstoffe."]},{"key":"Allergene:","value":["Enthält:Milch und daraus gewonnene Erzeugnisse (inkl. Laktose)"]},{"key":"","value":["Niedriger Gehalt an Fett","Laktosefrei"]},{"key":"Identitätskennzeichen:","value":["AT 20141 EG"]},{"key":"Kontakt:","value":["Berglandmilch eGen","Schubertstraße 30, 4600 Wels, Österreich"]}],"nutritions":[{"key":"","value":"Unzubereitet"},{"key":" ","value":"100 g"},{"key":"Energie","value":"207 kJ | 49 kcal"},{"key":"Fett","value":"0,8 g"},{"key":"Fett, davon gesättigte Fettsäuren","value":"0,4 g"},{"key":"Kohlenhydrate","value":"7,7 g"},{"key":"Kohlenhydrate, davon Zucker","value":"7,7 g"},{"key":"Ballaststoffe","value":"0,2 g"},{"key":"Eiweiß","value":"2,6 g"},{"key":"Salz","value":"0,09 g"}],"tags":["Lactosefrei"]},
    {"url":"https://www.interspar.at/shop/lebensmittel/p/2020001085729","data":[{"key":"price","value":"0,99 €"},{"key":"oldPrice","value":"\n\t\t\t\t\t\n\t\t\t\t\t \n\t\t\t\t"},{"key":"pricePerUnit","value":"(1.98 €/kg)"},{"key":"productDetailsName","value":"Schärdinger Meine Linie - Buttermilch Mango & Papaya - 500 G"},{"key":"detailsDescription","value":"500 G"},{"key":"articleNumber","value":"Artikelnummer: 2020001085729"},{"key":"Lagerhinweis:","value":["Gekühlt bei max. + 6 °C lagern. Vor dem Genuss gut schütteln!"]},{"key":"Zutaten:","value":["Zutaten: 71 % BUTTERMILCH laktosefrei, Wasser, 11,2 % Mangopüree, Zucker, 2,3 % Papayapüree, Zitronensaftkonzentrat. In Großbuchstaben angegebene Zutaten enthalten allergene Inhaltsstoffe."]},{"key":"Allergene:","value":["Enthält:Milch und daraus gewonnene Erzeugnisse (inkl. Laktose)"]},{"key":"","value":["Niedriger Gehalt an Fett","Laktosefrei"]},{"key":"Identitätskennzeichen:","value":["AT 20141 EG"]},{"key":"Kontakt:","value":["Berglandmilch eGen","Schubertstraße 30, 4600 Wels, Österreich"]}],"nutritions":[{"key":"","value":"Unzubereitet"},{"key":" ","value":"100 ml"},{"key":"Energie","value":"203 kJ | 48 kcal"},{"key":"Fett","value":"0,7 g"},{"key":"Fett, davon gesättigte Fettsäuren","value":"0,5 g"},{"key":"Kohlenhydrate","value":"7,8 g"},{"key":"Kohlenhydrate, davon Zucker","value":"7,7 g"},{"key":"Ballaststoffe","value":"0,2 g"},{"key":"Eiweiß","value":"2,5 g"},{"key":"Salz","value":"0,09 g"}],"tags":["Lactosefrei"]},
    {"url":"https://www.interspar.at/shop/lebensmittel/p/2020001786787","data":[{"key":"price","value":"0,99 €"},{"key":"oldPrice","value":"\n\t\t\t\t\t\n\t\t\t\t\t \n\t\t\t\t"},{"key":"pricePerUnit","value":"(1.98 €/kg)"},{"key":"productDetailsName","value":"NÖM To Go - Buttermilch Erdbeere fruchtig frisch - 500 G"},{"key":"detailsDescription","value":"500 G"},{"key":"articleNumber","value":"Artikelnummer: 2020001786787"},{"key":"Zutaten:","value":["Zutaten: BUTTERMILCH, Zucker, 4% Erdbeersaft aus Erdbeersaftkonzentrat, Glukose-Fruktose-Sirup, 1% Erdbeermark, färbendes Rote Beetesaftkonzentrat, Stabilisator: Pektine, natürliches Erdbeeraroma. In Großbuchstaben angegebene Zutaten enthalten allergene Inhaltsstoffe."]},{"key":"Allergene:","value":["Enthält:Milch und daraus gewonnene Erzeugnisse (inkl. Laktose)"]},{"key":"Identitätskennzeichen:","value":["AT 30960 EG"]},{"key":"Verwendungshinweis:","value":["Gekühlt lagern und innerhalb von 2-3 Tagen verbrauchen. Vor Gebrauch gut schütteln!"]},{"key":"Kontakt:","value":["NÖM AG","Vöslauer Straße 109, 2500 Baden, Austria","0800 800 500","www.noem.at"]}],"nutritions":[{"key":"","value":"Unzubereitet"},{"key":" ","value":"100 g"},{"key":"Energie","value":"265 kJ | 62 kcal | 3 %"},{"key":"Fett","value":"0,4 g | 1 %"},{"key":"Fett, davon gesättigte Fettsäuren","value":"0,2 g | 1 %"},{"key":"Kohlenhydrate","value":"11,5 g | 4 %"},{"key":"Kohlenhydrate, davon Zucker","value":"11,4 g | 13 %"},{"key":"Eiweiß","value":"2,7 g | 5 %"},{"key":"Salz","value":"0,1 g | 2 %"}],"tags":[]},
    {"url":"https://www.interspar.at/shop/lebensmittel/p/2020001787111","data":[{"key":"price","value":"0,99 €"},{"key":"oldPrice","value":"\n\t\t\t\t\t\n\t\t\t\t\t \n\t\t\t\t"},{"key":"pricePerUnit","value":"(1.98 €/kg)"},{"key":"productDetailsName","value":"NÖM To Go - Buttermilch Multifrucht fruchtig frisch - 500 G"},{"key":"detailsDescription","value":"500 G"},{"key":"articleNumber","value":"Artikelnummer: 2020001787111"},{"key":"Zutaten:","value":["Zutaten: BUTTERMILCH, Zucker, 1% Apfelsaft aus Apfelsaftkonzentrat, 1% Orangensaft aus Orangensaftkonzentrat, 0,5% Maracujasaft aus Maracujasaftkonzentrat, 0,5% Zitronensaft aus Zitronensaftkonzentrat, 0,5% Ananassaft aus Ananassaftkonzentrat, 0,5% Grapefruitsaft aus Grapefruitsaftkonzentrat, 0,5% Bananenmark, 0,4% Pfirsichmark, 0,4% Marillenmark, 0,4% Mangomark, Stabilisator: Pektine, Vitamin A, Vitamin C, Thiamin, Vitamin B6, Niacin, Pantothensäure, Folsäure, natürliches Aroma. In Großbuchstaben angegebene Zutaten enthalten allergene Inhaltsstoffe."]},{"key":"Allergene:","value":["Enthält:Milch und daraus gewonnene Erzeugnisse (inkl. Laktose)"]},{"key":"Identitätskennzeichen:","value":["AT 30960 EG"]},{"key":"Verwendungshinweis:","value":["Gekühlt lagern und innerhalb von 2-3 Tagen verbrauchen. Vor Gebrauch gut schütteln!"]},{"key":"Kontakt:","value":["NÖM AG","Vöslauer Straße 109, 2500 Baden, Austria","www.noem.at","0800 800 500"]}],"nutritions":[{"key":"","value":"Unzubereitet"},{"key":" ","value":"100 g"},{"key":"Energie","value":"263 kJ | 63 kcal | 3 %"},{"key":"Fett","value":"0,4 g | 1 %"},{"key":"Fett, davon gesättigte Fettsäuren","value":"0,2 g | 1 %"},{"key":"Kohlenhydrate","value":"11,6 g | 4 %"},{"key":"Kohlenhydrate, davon Zucker","value":"11,5 g | 13 %"},{"key":"Eiweiß","value":"2,5 g | 5 %"},{"key":"Salz","value":"0,1 g | 2 %"},{"key":"Vitamin A","value":"160 µg | 20 %"},{"key":"Vitamin C","value":"16 mg | 20 %"},{"key":"Vitamin B 1, Thiamin","value":"0,22 mg | 20 %"},{"key":"Niacin","value":"3,2 mg | 20 %"},{"key":"Vitamin B 6, Pyridoxin","value":"0,28 mg | 20 %"},{"key":"Folsäure","value":"40 µg | 20 %"},{"key":"Pantothensäure","value":"1,2 mg | 20 %"}],"tags":[]},
    {"url":"https://www.interspar.at/shop/lebensmittel/p/2020001787210","data":[{"key":"price","value":"0,99 €"},{"key":"oldPrice","value":"\n\t\t\t\t\t\n\t\t\t\t\t \n\t\t\t\t"},{"key":"pricePerUnit","value":"(1.98 €/kg)"},{"key":"productDetailsName","value":"NÖM To Go - Buttermilch Pfirsich Nektarine fruchtig frisch - 500 G"},{"key":"detailsDescription","value":"500 G"},{"key":"articleNumber","value":"Artikelnummer: 2020001787210"},{"key":"Zutaten:","value":["Zutaten: BUTTERMILCH, Zucker, 3,3% Pfirsichmark, 1,7% Nektarinenmark, Stabilisator: Pektine, färbendes Karottenkonzentrat, färbendes Apfelkonzentrat, natürliches Pfirsicharoma. In Großbuchstaben angegebene Zutaten enthalten allergene Inhaltsstoffe."]},{"key":"Allergene:","value":["Enthält:Milch und daraus gewonnene Erzeugnisse (inkl. Laktose)"]},{"key":"Identitätskennzeichen:","value":["AT 30960 EG"]},{"key":"Verwendungshinweis:","value":["Gekühlt lagern und innerhalb von 2-3 Tagen verbrauchen. Vor Gebrauch gut schütteln!"]},{"key":"Kontakt:","value":["NÖM AG","Vöslauer Straße 109, 2500 Baden, Austria","www.noem.at","0800 800 500"]}],"nutritions":[{"key":"","value":"Unzubereitet"},{"key":" ","value":"100 g"},{"key":"Energie","value":"244 kJ | 57 kcal | 3 %"},{"key":"Fett","value":"0,4 g | 1 %"},{"key":"Fett, davon gesättigte Fettsäuren","value":"0,2 g | 1 %"},{"key":"Kohlenhydrate","value":"10,3 g | 4 %"},{"key":"Kohlenhydrate, davon Zucker","value":"10,1 g | 11 %"},{"key":"Eiweiß","value":"2,6 g | 5 %"},{"key":"Salz","value":"0,1 g | 2 %"}],"tags":[]},
    {"url":"https://www.interspar.at/shop/lebensmittel/p/2020001787296","data":[{"key":"price","value":"0,99 €"},{"key":"oldPrice","value":"\n\t\t\t\t\t\n\t\t\t\t\t \n\t\t\t\t"},{"key":"pricePerUnit","value":"(1.98 €/kg)"},{"key":"productDetailsName","value":"NÖM To Go - Buttermilch Zitrone fruchtig frisch - 500 G"},{"key":"detailsDescription","value":"500 G"},{"key":"articleNumber","value":"Artikelnummer: 2020001787296"},{"key":"Zutaten:","value":["Zutaten: BUTTERMILCH, Zucker, 2% Zitronensaft aus Zitronensaftkonzentrat, Stabilisator: Pektine, natürliches Zitronenaroma. In Großbuchstaben angegebene Zutaten enthalten allergene Inhaltsstoffe."]},{"key":"Allergene:","value":["Enthält:Milch und daraus gewonnene Erzeugnisse (inkl. Laktose)"]},{"key":"Identitätskennzeichen:","value":["AT 30960 EG"]},{"key":"Verwendungshinweis:","value":["Gekühlt lagern und innerhalb von 2-3 Tagen verbrauchen. Vor Gebrauch gut schütteln!"]},{"key":"Kontakt:","value":["NÖM AG","Vöslauer Straße 109, 2500 Baden, Austria","0800 800 500","www.noem.at"]}],"nutritions":[{"key":"","value":"Unzubereitet"},{"key":" ","value":"100 g"},{"key":"Energie","value":"253 kJ | 60 kcal | 3 %"},{"key":"Fett","value":"0,4 g | 1 %"},{"key":"Fett, davon gesättigte Fettsäuren","value":"0,2 g | 1 %"},{"key":"Kohlenhydrate","value":"10,8 g | 4 %"},{"key":"Kohlenhydrate, davon Zucker","value":"10,8 g | 12 %"},{"key":"Eiweiß","value":"2,7 g | 5 %"},{"key":"Salz","value":"0,1 g | 2 %"}],"tags":[]},
    {"url":"https://www.interspar.at/shop/lebensmittel/p/2020000545835","data":[{"key":"price","value":"1,19 €"},{"key":"oldPrice","value":"\n\t\t\t\t\t\n\t\t\t\t\t \n\t\t\t\t"},{"key":"pricePerUnit","value":"(4.76 €/l)"},{"key":"productDetailsName","value":"SPAR - Sahne sprühfertig light - 250 ML"},{"key":"detailsDescription","value":"250 ML"},{"key":"articleNumber","value":"Artikelnummer: 2020000545835"},{"key":"Lagerhinweis:","value":["Vor dem Öffnen gekühlt lagern. Angebrochene Dose im Kühlschrank lagern und innerhalb von 2 Wochen aufbrauchen."]},{"key":"Zutaten:","value":["Zutaten: SAHNE (90%), Invertzuckersirup, Traubenzucker, natürliches Vanillearoma, Verdickungsmittel: Carrageen, Guarkernmehl, Pektine; Emulgator: Milchsäureester von Mono- und Diglyceriden von Speisefettsäuren, Treibgas: Distickstoffoxid. In Großbuchstaben angegebene Zutaten enthalten allergene Inhaltsstoff."]},{"key":"Allergene:","value":["Kann Spuren enthalten von:Sojabohnen und daraus gewonnene Erzeugnisse","Enthält:Milch und daraus gewonnene Erzeugnisse (inkl. Laktose)"]},{"key":"","value":["30% weniger Fett als herkömmliche Sprühsahne"]},{"key":"Identitätskennzeichen:","value":["DE NW 402 EG"]},{"key":"Zusatztext:","value":["Aus technischen Gründen verbleibt immer eine kleine Restmenge in der Dose."]},{"key":"Ursprungsland/Herkunftsort:","value":["Sorgfältig hergestellt in Deutschalnd"]},{"key":"Verbrauchen nach dem Öffnen:","value":["2 Wochen"]},{"key":"Verwendungshinweis:","value":["1. Vor dem Gebrauch die Dose 3-4 Stunden im Kühlschrank (nicht im Tiefkühlfach) lagern. 2. Die Öffnung nach unten halten und kurz schütteln. 3. Zum Sprühen Dose mit Sprühkopf senkrecht nach unten halten und Knopf drücken. 4. Nach Gebrauch Spritzdüse hochklappen und reinigen. 5. Für nächsten Gebrauch wieder im Kühlschrank aufbewahren.Achtung: Behälter steht unter Druck. Kann bei Erwärmung bersten. Von Hitze, heißen Oberflächen, Funken, offenen Flammen und anderen Zündquellen fernhalten. Nicht rauchen. Nicht durchstechen oder verbrennen, auch nicht nach Gebrauch. Vor Sonnenbestrahlung schützen. Nicht Temperaturen von mehr als 50°C aussetzen. Darf nicht in die Hände von Kindern gelangen."]},{"key":"Kontakt:","value":["BUYING INTERNATIONAL GROUP SPAR B.V.","ROKIN 99-101, 1012 KM AMSTERDAM (NL)"]}],"nutritions":[{"key":"","value":"Unzubereitet"},{"key":" ","value":"100 g"},{"key":"Energie","value":"857 kJ | 207 kcal"},{"key":"Fett","value":"17,8 g"},{"key":"Fett, davon gesättigte Fettsäuren","value":"12,1 g"},{"key":"Kohlenhydrate","value":"9 g"},{"key":"Kohlenhydrate, davon Zucker","value":"9 g"},{"key":"Ballaststoffe","value":"0 g"},{"key":"Eiweiß","value":"2,6 g"},{"key":"Salz","value":"0,1 g"}],"tags":["immer Billig"]},
    {"url":"https://www.interspar.at/shop/lebensmittel/p/696821","data":[{"key":"price","value":"1,19 €"},{"key":"oldPrice","value":"\n\t\t\t\t\t\n\t\t\t\t\t \n\t\t\t\t"},{"key":"pricePerUnit","value":"(4.76 €/l)"},{"key":"productDetailsName","value":"SPAR - Schlagsahne sprühfertig - 250 ML"},{"key":"detailsDescription","value":"250 ML"},{"key":"articleNumber","value":"Artikelnummer: 696821"},{"key":"Lagerhinweis:","value":["Angebrochene Dose im Kühlschrank aufbewahren und innerhalb von zwei Wochen aufbrauchen."]},{"key":"Zutaten:","value":["Zutaten: SCHLAGSAHNE (85%), Invertzuckersirup, Traubenzucker, MILCHEIWEISSERZEUGNIS, natürliches Vanille-Aroma, Verdickungsmittel: Carrageen; Emulgator: Milchsäureester von Mono- und Diglyceriden von Speisefettsäuren. Treibgas: Distickstoffoxid. Zusätzliche Informationen für Allergiker: Kann Spuren von SOJA enthalten."]},{"key":"Allergene:","value":["Kann Spuren enthalten von:Sojabohnen und daraus gewonnene Erzeugnisse","Enthält:Milch und daraus gewonnene Erzeugnisse (inkl. Laktose)"]},{"key":"Identitätskennzeichen:","value":["DE NW 402 EG"]},{"key":"Ursprungsland/Herkunftsort:","value":["Hergestellt in Deutschland"]},{"key":"Verbrauchen nach dem Öffnen:","value":["2 Wochen"]},{"key":"Verwendungshinweis:","value":["Gebrauchsanweisung: 1. Vor dem Gebrauch Dose 3-4 Stunden im Kühlschrank (nicht im Tiefkühlfach) lagern. 2. Die Öffnung nach unten halten und kurz schütteln. 3. Zum Sprühen Dose mit Sprühkopf senkrecht nach unten halten und Knopf drücken. 4. Nach Gebrauch Spritzdüse hochklappen und reinigen. 5. Für nächsten Gebrauch wieder im Kühlschrank aufbewahren."]},{"key":"Kontakt:","value":["Buying International Group SPAR B.V.","Rokin 99-101, 1012 KM Amsterdam (NL)"]}],"nutritions":[{"key":" ","value":"100 g"},{"key":"","value":"Unzubereitet"},{"key":"Energie","value":"1115 kJ | 270 kcal"},{"key":"Fett","value":"25 g"},{"key":"Fett, davon gesättigte Fettsäuren","value":"15,6 g"},{"key":"Kohlenhydrate","value":"8,6 g"},{"key":"Kohlenhydrate, davon Zucker","value":"8,6 g"},{"key":"Ballaststoffe","value":"0 g"},{"key":"Eiweiß","value":"2,6 g"},{"key":"Salz","value":"0,08 g"}],"tags":["immer Billig"]},
    {"url":"https://www.interspar.at/shop/lebensmittel/p/2020000463825","data":[{"key":"price","value":"0,45 €"},{"key":"oldPrice","value":"\n\t\t\t\t\t\n\t\t\t\t\t \n\t\t\t\t"},{"key":"pricePerUnit","value":"(0.90 €/l)"},{"key":"productDetailsName","value":"SPAR - Österreichische Buttermilch 1% - 0,5 L"},{"key":"detailsDescription","value":"0,5 L"},{"key":"articleNumber","value":"Artikelnummer: 2020000463825"},{"key":"Lagerhinweis:","value":["Vor und nach dem Öffnen gekühlt lagern. Nach dem Öffnen innerhalb von 2 Tagen verbrauchen."]},{"key":"Allergene:","value":["Enthält:Milch und daraus gewonnene Erzeugnisse (inkl. Laktose)"]},{"key":"Identitätskennzeichen:","value":["AT 40443 EG"]},{"key":"Ursprungsland/Herkunftsort:","value":["Qualität aus Österreich"]},{"key":"Verbrauchen nach dem Öffnen:","value":["2 Tage"]},{"key":"Kontakt:","value":["SPAR Österr. Warenhandels-AG","Europastraße 3, 5015 Salzburg, Österreich"]}],"nutritions":[],"tags":[]},
    {"url":"https://www.interspar.at/shop/lebensmittel/p/8201164","data":[{"key":"price","value":"2,19 €"},{"key":"oldPrice","value":"\n\t\t\t\t\t\n\t\t\t\t\t \n\t\t\t\t"},{"key":"pricePerUnit","value":"(14.60 €/kg)"},{"key":"productDetailsName","value":"SPAR Natur*pur - Bio-Klosterkäse mit Rotkultur und Weißschimmel - 150 G"},{"key":"detailsDescription","value":"150 G"},{"key":"articleNumber","value":"Artikelnummer: 8201164"},{"key":"Lagerhinweis:","value":["Gekühlt lagern! Geöffnete Packung weiterhin gekühlt lagern und innerhalb von 3-4 Tagen aufbrauchen."]},{"key":"Zutaten:","value":["Zutaten: pasteurisierte KUHMILCH*, Speisesalz unjodiert, Lab, Rotkultur, Gewürzextraktzubereitung* (Dextrose*, Paprikaextrakt), Schimmelkulturen. *aus biologischer Landwirtschaft. In Großbuchstaben angegebene Zutaten enthalten allergene Inhaltsstoffe."]},{"key":"Allergene:","value":["Enthält:Milch und daraus gewonnene Erzeugnisse (inkl. Laktose)"]},{"key":"","value":["frei von Konservierungsstoffen*frei von Farbstoffen*ohne Zusatz von Aromen**lt. EU-VO (EG) 834/2007"]},{"key":"","value":["Glutenfrei"]},{"key":"Bio-Kontrollstelle:","value":["AT-BIO-902"]},{"key":"Ökoherkunft:","value":["Österreich-Landwirtschaft"]},{"key":"Identitätskennzeichen:","value":["AT 40141 EG"]},{"key":"Ursprungsland/Herkunftsort:","value":["Sorgfältig gekäst in Österreich"]},{"key":"Verbrauchen nach dem Öffnen:","value":["3 Tage"]},{"key":"Kontakt:","value":["SPAR Österr. Warenhandels-AG","Europastraße 3, 5015 Salzburg, Österreich"]}],"nutritions":[{"key":"","value":"Unzubereitet"},{"key":" ","value":"100 g"},{"key":"Energie","value":"1561 kJ | 377 kcal"},{"key":"Fett","value":"33 g"},{"key":"Fett, davon gesättigte Fettsäuren","value":"23 g"},{"key":"Kohlenhydrate","value":"0 g"},{"key":"Kohlenhydrate, davon Zucker","value":"0 g"},{"key":"Ballaststoffe","value":"0 g"},{"key":"Eiweiß","value":"20 g"},{"key":"Salz","value":"1,8 g"},{"key":"Broteinheiten","value":"0 BE"}],"tags":["Gekühlt","Bio","Glutenfrei"]},
    {"url":"https://www.interspar.at/shop/lebensmittel/p/2020000520252","data":[{"key":"price","value":"0,99 €"},{"key":"oldPrice","value":"\n\t\t\t\t\t\n\t\t\t\t\t \n\t\t\t\t"},{"key":"pricePerUnit","value":"(1.98 €/kg)"},{"key":"productDetailsName","value":"Müller - Frucht Buttermilch Erdbeere - 500 G"},{"key":"detailsDescription","value":"500 G"},{"key":"articleNumber","value":"Artikelnummer: 2020000520252"},{"key":"Lagerhinweis:","value":["Bei max. +8°C lagern."]},{"key":"Zutaten:","value":["Zutaten: BUTTERMILCH, Zucker, Erdbeersaft* aus Erdbeersaftkonzentrat, Glukose-Fruktose-Sirup, Erdbeerpüree*, färbendes Pflanzenkonzentrat (Rote Bete), Aroma. *4,8 % Fruchtanteil im Endprodukt. In Großbuchstaben angegebene Zutaten enthalten allergene Inhaltstoffe."]},{"key":"Allergene:","value":["Enthält:Milch und daraus gewonnene Erzeugnisse (inkl. Laktose)"]},{"key":"Identitätskennzeichen:","value":["DE SN 016 EG"]},{"key":"Kontakt:","value":["Molkerei Alois Müller GmbH & Co. KG","Zollerstraße 7, 86850 Fischach-Aretsried, Deutschland"]}],"nutritions":[{"key":"","value":"Unzubereitet"},{"key":" ","value":"100 g"},{"key":"Energie","value":"269 kJ | 63 kcal"},{"key":"Fett","value":"0,4 g"},{"key":"Fett, davon gesättigte Fettsäuren","value":"0,3 g"},{"key":"Kohlenhydrate","value":"11,6 g"},{"key":"Kohlenhydrate, davon Zucker","value":"11,4 g"},{"key":"Eiweiß","value":"2,7 g"},{"key":"Salz","value":"0,14 g"}],"tags":[]},
    {"url":"https://www.interspar.at/shop/lebensmittel/p/2020000520283","data":[{"key":"price","value":"0,99 €"},{"key":"oldPrice","value":"\n\t\t\t\t\t\n\t\t\t\t\t \n\t\t\t\t"},{"key":"pricePerUnit","value":"(1.98 €/kg)"},{"key":"productDetailsName","value":"Müller - Frucht Buttermilch Pfirsich Nektarine - 500 G"},{"key":"detailsDescription","value":"500 G"},{"key":"articleNumber","value":"Artikelnummer: 2020000520283"},{"key":"Lagerhinweis:","value":["Bei max. +8°C lagern."]},{"key":"Zutaten:","value":["Zutaten: BUTTERMILCH, Zucker, Fruchtpüree* (3,3% Pfirsich, 1,7% Nektarine), färbendes Pflanzenkonzentrat (Karotte), Farbstoffe: Carotin, Aroma. *5% Fruchtanteil im Endprodukt. In Großbuchstaben angegebene Zutaten enthalten allergene Inhaltstoffe."]},{"key":"Allergene:","value":["Enthält:Milch und daraus gewonnene Erzeugnisse (inkl. Laktose)"]},{"key":"Identitätskennzeichen:","value":["DE SN 016 EG"]},{"key":"Kontakt:","value":["Molkerei Alois Müller GmbH & Co. KG","Zollerstraße 7, 86850 Fischach-Aretsried, Deutschland"]}],"nutritions":[{"key":"","value":"Unzubereitet"},{"key":" ","value":"100 g"},{"key":"Energie","value":"254 kJ | 60 kcal"},{"key":"Fett","value":"0,5 g"},{"key":"Fett, davon gesättigte Fettsäuren","value":"0,3 g"},{"key":"Kohlenhydrate","value":"10,5 g"},{"key":"Kohlenhydrate, davon Zucker","value":"10,1 g"},{"key":"Eiweiß","value":"2,7 g"},{"key":"Salz","value":"0,13 g"}],"tags":[]},
    {"url":"https://www.interspar.at/shop/lebensmittel/p/2429205","data":[{"key":"price","value":"0,65 €"},{"key":"oldPrice","value":"\n\t\t\t\t\t\n\t\t\t\t\t \n\t\t\t\t"},{"key":"pricePerUnit","value":"(3.61 €/kg)"},{"key":"productDetailsName","value":"NÖM fasten - Fruchtjoghurt Birne Marille - 180 G"},{"key":"detailsDescription","value":"180 G"},{"key":"articleNumber","value":"Artikelnummer: 2429205"},{"key":"Lagerhinweis:","value":["Gekühlt (+ 3-9°C) lagern."]},{"key":"Zutaten:","value":["Zutaten: MAGERJOGHURT mild  0,1% Fett mit Lactobacillus acidophilus und Bifidobacterium*, 5% Birnen, Fruktosesirup, 2% Marillen, 1% Marillenmark, modifizierte Stärke, Stabilisatoren: Pektine, Guarkernmehl; färbendes Karottenkonzentrat, Säuerungsmittel: Citronensäure, Säureregulatoren: Natriumcitrate, Calciumcitrate; Süßungsmittel: Sucralose, Acesulfam K; Aroma. *aus gentechnikfreier Milch laut Definition des Österreichischen Lebensmittelcodex für gentechnikfreie Produktion; Kontrolle durch agroVet GmbH. In Großbuchstaben angegebene Zutaten enthalten allergene Inhaltsstoffe."]},{"key":"Allergene:","value":["Enthält:Milch und daraus gewonnene Erzeugnisse (inkl. Laktose)"]},{"key":"Identitätskennzeichen:","value":["AT 30960 EG"]},{"key":"Kontakt:","value":["NÖM AG","Vöslauer Straße 109, 2500 Baden, Österreich","0800 800 500"]}],"nutritions":[{"key":"","value":"Unzubereitet"},{"key":" ","value":"100 g"},{"key":"Energie","value":"228 kJ | 54 kcal"},{"key":"Fett","value":"0,1 g"},{"key":"Fett, davon gesättigte Fettsäuren","value":"0,06 g"},{"key":"Kohlenhydrate","value":"8,2 g"},{"key":"Kohlenhydrate, davon Zucker","value":"7,8 g"},{"key":"Ballaststoffe","value":"0,2 g"},{"key":"Eiweiß","value":"4,3 g"},{"key":"Salz","value":"0,1 g"},{"key":"","value":"Unzubereitet"},{"key":" ","value":"Portion (180 g)"},{"key":"Energie","value":"410 kJ | 97 kcal | 0 %"},{"key":"Fett","value":"0,2 g | 0 %"},{"key":"Fett, davon gesättigte Fettsäuren","value":"0,1 g | 0 %"},{"key":"Kohlenhydrate","value":"14,8 g | 0 %"},{"key":"Kohlenhydrate, davon Zucker","value":"14 g | 0 %"},{"key":"Ballaststoffe","value":"0,4 g"},{"key":"Eiweiß","value":"7,7 g | 0 %"},{"key":"Salz","value":"0,18 g | 0 %"}],"tags":[]},
    {"url":"https://www.interspar.at/shop/lebensmittel/p/2889832","data":[{"key":"price","value":"0,69 €"},{"key":"oldPrice","value":"\n\t\t\t\t\t\n\t\t\t\t\t \n\t\t\t\t"},{"key":"pricePerUnit","value":"(1.38 €/l)"},{"key":"productDetailsName","value":"SPAR free from - Buttermilch - 0,5 L"},{"key":"detailsDescription","value":"0,5 L"},{"key":"articleNumber","value":"Artikelnummer: 2889832"},{"key":"Lagerhinweis:","value":["Gekühlt bei +3°C bis +7°C lagern. Nach dem Öffnen im Kühlschrank aufbewahren und innerhalb von 2 Tagen verbrauchen."]},{"key":"Zutaten:","value":["Zutaten: Buttermilch aus pasteurisierter MILCH. In Großbuchstaben angegebene Zutaten enthalten allergene Inhaltsstoffe."]},{"key":"Allergene:","value":["Enthält:Milch und daraus gewonnene Erzeugnisse (inkl. Laktose)"]},{"key":"","value":["mit Calcium"]},{"key":"","value":["Laktosefrei"]},{"key":"Identitätskennzeichen:","value":["AT 20130 EG"]},{"key":"Ursprungsland/Herkunftsort:","value":["Qualität aus Österreich"]},{"key":"Verbrauchen nach dem Öffnen:","value":["2 Tage"]},{"key":"Kontakt:","value":["SPAR Österr. Warenhandels-AG","Europastraße 3, 5015 Salzburg, Österreich"]}],"nutritions":[{"key":"","value":"Unzubereitet"},{"key":" ","value":"100 ml"},{"key":"Energie","value":"174 kJ | 41 kcal"},{"key":"Fett","value":"1 g"},{"key":"Fett, davon gesättigte Fettsäuren","value":"0,7 g"},{"key":"Kohlenhydrate","value":"4,1 g"},{"key":"Kohlenhydrate, davon Zucker","value":"4,1 g"},{"key":"Ballaststoffe","value":"0 g"},{"key":"Eiweiß","value":"3,4 g"},{"key":"Salz","value":"0,13 g"},{"key":"Kalzium","value":"120 mg | 15 %"},{"key":"Broteinheiten","value":"0,34 BE"},{"key":"Laktose","value":"< 0,01 g"},{"key":"","value":"Unzubereitet"},{"key":" ","value":"Portion (250 ml)"},{"key":"Energie","value":"411 kJ | 98 kcal"},{"key":"Fett","value":"2,5 g"},{"key":"Fett, davon gesättigte Fettsäuren","value":"1,8 g"},{"key":"Kohlenhydrate","value":"10,3 g"},{"key":"Kohlenhydrate, davon Zucker","value":"10,3 g"},{"key":"Ballaststoffe","value":"0 g"},{"key":"Eiweiß","value":"8,5 g"},{"key":"Salz","value":"0,33 g"},{"key":"Kalzium","value":"300 mg | 38 %"},{"key":"Broteinheiten","value":"0,85 BE"}],"tags":["Lactosefrei"]},
    {"url":"https://www.interspar.at/shop/lebensmittel/p/3637616","data":[{"key":"price","value":"1,49 €"},{"key":"oldPrice","value":"\n\t\t\t\t\t\n\t\t\t\t\t \n\t\t\t\t"},{"key":"pricePerUnit","value":"(5.96 €/l)"},{"key":"productDetailsName","value":"Sanquel - Sprühtopping UHT - 250 ML"},{"key":"detailsDescription","value":"250 ML"},{"key":"articleNumber","value":"Artikelnummer: 3637616"},{"key":"Lagerhinweis:","value":["Gekühlt zwischen +2°C und +24°C lagern. Auch in der angebrochenen Dose gekühlt aufbewahren."]},{"key":"Zutaten:","value":["Zutaten: Wasser, pflanzliches Öl 15% (Palmkernöl, Kokosöl, Palmöl, Rapsöl), Zucker 6%, ganz gehärtetes Palmkernöl 5%, süßes BUTTERMILCHPULVER, MILCHEIWEISS, Treibgas: Distickstoffoxid, Emulgator: E471; Aroma, Stabilisator: E407. In Großbuchstaben angegebene Zutaten enthalten allergene Inhaltsstoffe."]},{"key":"Allergene:","value":["Enthält:Milch und daraus gewonnene Erzeugnisse (inkl. Laktose)"]},{"key":"Zubereitung:","value":["VerzehrfertigZum Gebrauch Dose leicht schütteln. Bei Gebrauch Dose genau senkrecht halten und Düse leicht andrücken. Nach Gebrauch Düse umkippen und reinigen. Eine Restmenge verbleibt aus technischen Gründen immer in der Dose."]},{"key":"Verwendungshinweis:","value":["Achtung: Behälter steht unter Druck und kann bei Erwärmung bersten. Von Hitze, heißen Oberflächen, Funken, offenen Flammen sowie anderen Zündquellenarten fernhalten. Nicht rauchen. Nicht durchstechen oder verbrennen, auch nicht nach Gebrauch. Vor Sonnenbestrahlung schützen und nicht Temperaturen von mehr als 50°C aussetzen."]},{"key":"Kontakt:","value":["FrieslandCampinaProfessional","Grote Baan 34, 3560 Lummen, Belgien"]}],"nutritions":[{"key":"","value":"Unzubereitet"},{"key":" ","value":"100 g"},{"key":"Energie","value":"969 kJ | 234 kcal"},{"key":"Fett","value":"21 g"},{"key":"Fett, davon gesättigte Fettsäuren","value":"16 g"},{"key":"Kohlenhydrate","value":"8,7 g"},{"key":"Kohlenhydrate, davon Zucker","value":"7,5 g"},{"key":"Eiweiß","value":"2,6 g"},{"key":"Salz","value":"0,13 g"}],"tags":[]},
    {"url":"https://www.interspar.at/shop/lebensmittel/p/4882299","data":[{"key":"price","value":"0,45 €"},{"key":"oldPrice","value":"\n\t\t\t\t\t\n\t\t\t\t\t \n\t\t\t\t"},{"key":"pricePerUnit","value":"(3.60 €/kg)"},{"key":"productDetailsName","value":"Dr. Oetker - Götterspeise Waldmeister-Geschmack - 125 G"},{"key":"detailsDescription","value":"125 G"},{"key":"articleNumber","value":"Artikelnummer: 4882299"},{"key":"Lagerhinweis:","value":["Bei +8°C lagern."]},{"key":"Zutaten:","value":["Zutaten: Wasser, Zucker, Gelatine, Säuerungsmittel: Citronensäure, färbende Lebensmittel (Saflorkonzentrat, Zitronenkonzentrat), Aroma, Farbstoff: Patentblau V, Schaumverhüter: Mono- und Diglyceride von Speisefettsäuren."]},{"key":"Kontakt:","value":["Dr. Oetker GmbH","Ringmauergasse 9/1, 9500 Villach, Österreich"]}],"nutritions":[{"key":"","value":"Unzubereitet"},{"key":" ","value":"100 g"},{"key":"Energie","value":"328 kJ | 77 kcal"},{"key":"Fett","value":"0 g"},{"key":"Fett, davon gesättigte Fettsäuren","value":"0 g"},{"key":"Kohlenhydrate","value":"18 g"},{"key":"Kohlenhydrate, davon Zucker","value":"18 g"},{"key":"Eiweiß","value":"1,2 g"},{"key":"Salz","value":"0 g"},{"key":" ","value":"Portion (125 g)"}],"tags":["Lactosefrei"]},
    {"url":"https://www.interspar.at/shop/lebensmittel/p/4882343","data":[{"key":"price","value":"0,45 €"},{"key":"oldPrice","value":"\n\t\t\t\t\t\n\t\t\t\t\t \n\t\t\t\t"},{"key":"pricePerUnit","value":"(3.60 €/kg)"},{"key":"productDetailsName","value":"Dr. Oetker - Götter Speise Himbeer - 125 G"},{"key":"detailsDescription","value":"125 G"},{"key":"articleNumber","value":"Artikelnummer: 4882343"},{"key":"Lagerhinweis:","value":["Bei max. +8°C lagern."]},{"key":"Zutaten:","value":["Zutaten: Wasser, Zucker, Gelatine, Säuerungsmittel: Citronensäure; färbende Lebensmittel (Karottenkonzentrat, schwarzes Johannisbeerkonzentrat, Hibiskuskonzentrat), Aroma, Schaumverhüter: Mono- und Diglyceride von Speisefettsäuren."]},{"key":"Kontakt:","value":["Dr. Oekter GmbH","Ringmauergasse 9/1, 9500 Villach, Österreich"]}],"nutritions":[{"key":"","value":"Unzubereitet"},{"key":" ","value":"100 g"},{"key":"Energie","value":"329 kJ | 77 kcal"},{"key":"Fett","value":"0 g"},{"key":"Fett, davon gesättigte Fettsäuren","value":"0 g"},{"key":"Kohlenhydrate","value":"18 g"},{"key":"Kohlenhydrate, davon Zucker","value":"18 g"},{"key":"Eiweiß","value":"1,2 g"},{"key":"Salz","value":"0 g"}],"tags":["Lactosefrei"]},
    {"url":"https://www.interspar.at/shop/lebensmittel/p/1149562","data":[{"key":"price","value":"0,69 €"},{"key":"oldPrice","value":"\n\t\t\t\t\t\n\t\t\t\t\t \n\t\t\t\t"},{"key":"pricePerUnit","value":"(1.38 €/l)"},{"key":"productDetailsName","value":"Schärdinger - Butter Milch 0,9% Fett - 0,5 L"},{"key":"detailsDescription","value":"0,5 L"},{"key":"articleNumber","value":"Artikelnummer: 1149562"},{"key":"Lagerhinweis:","value":["Gekühlt (3-6 °C) lagern."]},{"key":"Zutaten:","value":["Zutaten: BUTTERMILCH. In Großbuchstaben angegebene Zutaten enthalten allergene Inhaltsstoffe."]},{"key":"Allergene:","value":["Enthält:Milch und daraus gewonnene Erzeugnisse (inkl. Laktose)"]},{"key":"Identitätskennzeichen:","value":["AT 20141 EG"]},{"key":"Verwendungshinweis:","value":["Vor dem Genuss bitte gut schütteln."]},{"key":"Kontakt:","value":["Berglandmilch","Schubertstraße 30, 4600 Wels, Österreich"]}],"nutritions":[{"key":"","value":"Unzubereitet"},{"key":" ","value":"100 ml"},{"key":"Energie","value":"161 kJ | 38 kcal"},{"key":"Fett","value":"0,9 g"},{"key":"Fett, davon gesättigte Fettsäuren","value":"0,6 g"},{"key":"Kohlenhydrate","value":"4,1 g"},{"key":"Kohlenhydrate, davon Zucker","value":"4,1 g"},{"key":"Eiweiß","value":"3,4 g"},{"key":"Salz","value":"0,1 g"}],"tags":[]},
    {"url":"https://www.interspar.at/shop/lebensmittel/p/5237579","data":[{"key":"price","value":"0,69 €"},{"key":"oldPrice","value":"\n\t\t\t\t\t\n\t\t\t\t\t \n\t\t\t\t"},{"key":"pricePerUnit","value":"(1.38 €/l)"},{"key":"productDetailsName","value":"NÖM - Buttermilch 1 % Fett - 0,5 L"},{"key":"detailsDescription","value":"0,5 L"},{"key":"articleNumber","value":"Artikelnummer: 5237579"},{"key":"Lagerhinweis:","value":["Gekühlt (+ 3-9 °C) lagern und nach dem Öffnen innerhalb von 2-3 Tagen verbrauchen."]},{"key":"Zutaten:","value":["Zutaten: BUTTERMILCH mit 1% Fett. In Großbuchstaben angegebene Zutaten enthalten allergene Inhaltsstoffe."]},{"key":"Allergene:","value":["Enthält:Milch und daraus gewonnene Erzeugnisse (inkl. Laktose)"]},{"key":"Identitätskennzeichen:","value":["AT 31057 EG"]},{"key":"Verbrauchen nach dem Öffnen:","value":["2 Tage"]},{"key":"Kontakt:","value":["NÖM AG","Vöslauer Straße 109, 2500 Baden, Österreich","0800 800 500"]}],"nutritions":[{"key":"","value":"Unzubereitet"},{"key":" ","value":"100 ml"},{"key":"Energie","value":"166 kJ | 39 kcal | 2 %"},{"key":"Fett","value":"1 g | 1 %"},{"key":"Fett, davon gesättigte Fettsäuren","value":"0,6 g | 3 %"},{"key":"Kohlenhydrate","value":"4 g | 2 %"},{"key":"Kohlenhydrate, davon Zucker","value":"4 g | 4 %"},{"key":"Eiweiß","value":"3,6 g | 7 %"},{"key":"Salz","value":"0,1 g | 2 %"}],"tags":[]},
    {"url":"https://www.interspar.at/shop/lebensmittel/p/2020001408467","data":[{"key":"price","value":"0,69 €"},{"key":"oldPrice","value":"\n\t\t\t\t\t\n\t\t\t\t\t \n\t\t\t\t"},{"key":"pricePerUnit","value":"(4.60 €/kg)"},{"key":"productDetailsName","value":"SPAR - Jogurt Greek Style 0,1% Fett Vanille - 150 G"},{"key":"detailsDescription","value":"150 G"},{"key":"articleNumber","value":"Artikelnummer: 2020001408467"},{"key":"Lagerhinweis:","value":["Gekühlt bei 3-6°C lagern."]},{"key":"Zutaten:","value":["Zutaten: JOGURT, Zucker, Glucose-Fruktose-Sirup, Vanilleschoten gemahlen extrahiert, natürliches Vanillearoma, modifizierte Stärke, Säureregulatoren: Citronensäure, Natriumcitrate; Farbstoff: Carotin, Aromen. In Großbuchstaben angegebene Zutaten enthalten allergene Inhaltsstoffe."]},{"key":"Allergene:","value":["Enthält:Milch und daraus gewonnene Erzeugnisse (inkl. Laktose)"]},{"key":"","value":["hoher Eiweiß-Gehalt"]},{"key":"Identitätskennzeichen:","value":["AT 70149 EG"]},{"key":"Ursprungsland/Herkunftsort:","value":["hergestellt in Österreich"]},{"key":"Kontakt:","value":["SPAR Österr. Warenhandels-AG","Europastraße 3, 5015 Salzburg, Österreich"]}],"nutritions":[{"key":"","value":"Unzubereitet"},{"key":" ","value":"100 g"},{"key":"Energie","value":"327 kJ | 77 kcal"},{"key":"Fett","value":"0,1 g"},{"key":"Fett, davon gesättigte Fettsäuren","value":"0,1 g"},{"key":"Kohlenhydrate","value":"11,2 g"},{"key":"Kohlenhydrate, davon Zucker","value":"10,6 g"},{"key":"Ballaststoffe","value":"0 g"},{"key":"Eiweiß","value":"7,6 g"},{"key":"Salz","value":"0,33 g"},{"key":"Broteinheiten","value":"0,9 BE"}],"tags":[]},
    {"url":"https://www.interspar.at/shop/lebensmittel/p/2020001409686","data":[{"key":"price","value":"0,69 €"},{"key":"oldPrice","value":"\n\t\t\t\t\t\n\t\t\t\t\t \n\t\t\t\t"},{"key":"pricePerUnit","value":"(4.60 €/kg)"},{"key":"productDetailsName","value":"SPAR - Jogurt Greek Style 0,1% Fett Heidelbeer - 150 G"},{"key":"detailsDescription","value":"150 G"},{"key":"articleNumber","value":"Artikelnummer: 2020001409686"},{"key":"Lagerhinweis:","value":["Gekühlt bei 3-6°C lagern."]},{"key":"Zutaten:","value":["Zutaten: JOGURT, Heidelbeeren 11%, Zucker, Heidelbeersaft aus Heidelbeersaftkonzentrat, Glucose-Fruktose-Sirup, Vanilleschoten gemahlen extrahiert, natürliches Vanillearoma, modifizierte Stärke, Verdickungsmittel: Pektine, Säureregulatoren: Citronensäure, Natriumcitrate; natürliches Aroma. In Großbuchstaben angegebene Zutaten enthalten allergene Inhaltsstoffe."]},{"key":"Allergene:","value":["Enthält:Milch und daraus gewonnene Erzeugnisse (inkl. Laktose)"]},{"key":"","value":["hoher Eiweiß-Gehalt"]},{"key":"Identitätskennzeichen:","value":["AT 70149 EG"]},{"key":"Ursprungsland/Herkunftsort:","value":["hergestellt in Österreich"]},{"key":"Kontakt:","value":["SPAR Österr. Warenhandels-AG","Europastraße 3, 5015 Salzburg, Österreich"]}],"nutritions":[{"key":"","value":"Unzubereitet"},{"key":" ","value":"100 g"},{"key":"Energie","value":"337 kJ | 79 kcal"},{"key":"Fett","value":"0,1 g"},{"key":"Fett, davon gesättigte Fettsäuren","value":"0,1 g"},{"key":"Kohlenhydrate","value":"12 g"},{"key":"Kohlenhydrate, davon Zucker","value":"11 g"},{"key":"Ballaststoffe","value":"0,6 g"},{"key":"Eiweiß","value":"7,1 g"},{"key":"Salz","value":"0,3 g"},{"key":"Broteinheiten","value":"1 BE"}],"tags":[]},
    {"url":"https://www.interspar.at/shop/lebensmittel/p/2020001407941","data":[{"key":"price","value":"0,69 €"},{"key":"oldPrice","value":"\n\t\t\t\t\t\n\t\t\t\t\t \n\t\t\t\t"},{"key":"pricePerUnit","value":"(4.60 €/kg)"},{"key":"productDetailsName","value":"SPAR - Jogurt Greek Style 0,1% Fett Natur - 150 G"},{"key":"detailsDescription","value":"150 G"},{"key":"articleNumber","value":"Artikelnummer: 2020001407941"},{"key":"Lagerhinweis:","value":["Gekühlt bei 3-6°C lagern."]},{"key":"Allergene:","value":["Enthält:Milch und daraus gewonnene Erzeugnisse (inkl. Laktose)"]},{"key":"","value":["hoher Eiweiß-Gehalt"]},{"key":"Identitätskennzeichen:","value":["AT 70149 EG"]},{"key":"Ursprungsland/Herkunftsort:","value":["hergestellt in Österreich"]},{"key":"Kontakt:","value":["SPAR Österr. Warenhandels-AG","Europastraße 3, 5015 Salzburg, Österreich"]}],"nutritions":[{"key":"","value":"Unzubereitet"},{"key":" ","value":"100 g"},{"key":"Energie","value":"230 kJ | 54 kcal"},{"key":"Fett","value":"0,1 g"},{"key":"Fett, davon gesättigte Fettsäuren","value":"0,1 g"},{"key":"Kohlenhydrate","value":"4,1 g"},{"key":"Kohlenhydrate, davon Zucker","value":"4,1 g"},{"key":"Ballaststoffe","value":"0 g"},{"key":"Eiweiß","value":"9 g"},{"key":"Salz","value":"0,38 g"},{"key":"Broteinheiten","value":"0,3 BE"}],"tags":[]},
    {"url":"https://www.interspar.at/shop/lebensmittel/p/2020001313730","data":[{"key":"price","value":"0,92 €"},{"key":"oldPrice","value":"\n\t\t\t\t\t\n\t\t\t\t\t \n\t\t\t\t"},{"key":"pricePerUnit","value":"(18.50 €/kg)"},{"key":"productDetailsName","value":"SPAR PREMIUM - Taleggio D.O.P. - 1 KG"},{"key":"detailsDescription","value":"1 KG"},{"key":"articleNumber","value":"Artikelnummer: 2020001313730"},{"key":"Lagerhinweis:","value":["Gekühlt zwischen 0°C und +4°C lagern."]},{"key":"Zutaten:","value":["Zutaten: pasteurisierte KUHMILCH, Speisesalz unjodiert, tierisches Lab, Käsereikulturen. In Großbuchstaben angegebene Zutaten enthalten allergene Inhaltsstoffe."]},{"key":"Allergene:","value":["Enthält:Milch und daraus gewonnene Erzeugnisse (inkl. Laktose)"]},{"key":"Identitätskennzeichen:","value":["IT 03 48 CE"]},{"key":"Zusatztext:","value":["Mindestens 45 Tage gereift."]},{"key":"Ursprungsland/Herkunftsort:","value":["Sorgfältig hergestellt in Italien"]},{"key":"Kontakt:","value":["SPAR Österr. Warenhandels-AG","Europastraße 3, 5015 Salzburg, Österreich","office@spar.at"]}],"nutritions":[{"key":"","value":"Unzubereitet"},{"key":" ","value":"100 g"},{"key":"Energie","value":"1123 kJ | 270 kcal"},{"key":"Fett","value":"23 g"},{"key":"Fett, davon gesättigte Fettsäuren","value":"16 g"},{"key":"Kohlenhydrate","value":"0,9 g"},{"key":"Kohlenhydrate, davon Zucker","value":"0,4 g"},{"key":"Ballaststoffe","value":"0 g"},{"key":"Eiweiß","value":"17 g"},{"key":"Salz","value":"2,2 g"},{"key":"Broteinheiten","value":"0,1 BE"}],"tags":["Gekühlt"]},
    {"url":"https://www.interspar.at/shop/lebensmittel/p/1328431","data":[{"key":"price","value":"3,59 €"},{"key":"oldPrice","value":"\n\t\t\t\t\t\n\t\t\t\t\t \n\t\t\t\t"},{"key":"pricePerUnit","value":"(22.44 €/kg)"},{"key":"productDetailsName","value":"Weizer Schafbauern - Schafkäse Chili in Öl - 160 G"},{"key":"detailsDescription","value":"160 G"},{"key":"articleNumber","value":"Artikelnummer: 1328431"},{"key":"Lagerhinweis:","value":["Gekühlt lagern bei +7 °C"]},{"key":"Zutaten:","value":["Zutaten: Schafkäse mit nat. Fettgehalt mind. 45% F.i.T, Pflanzenöl, Chiliflocken, Konservierungsstoff: LYSOZYM. In Großbuchstaben angegeben Zutaten enthalten allergene Inhaltsstoffe."]},{"key":"Allergene:","value":["Enthält:Eier und daraus gewonnene Erzeugnisse, Milch und daraus gewonnene Erzeugnisse (inkl. Laktose)"]},{"key":"Identitätskennzeichen:","value":["AT 60185 EG"]},{"key":"Kontakt:","value":["Weizer Schafbauern reg.Gen.m.b.H","Marburgerstraße 45, 8160 Weiz, Österreich"]}],"nutritions":[{"key":"","value":"Zubereitet"},{"key":"Energie","value":"2534 kJ | 613 kcal"},{"key":"Fett","value":"58 g"},{"key":"Fett, davon gesättigte Fettsäuren","value":"18 g"},{"key":"Kohlenhydrate","value":"2 g"},{"key":"Kohlenhydrate, davon Zucker","value":"2 g"},{"key":"Ballaststoffe","value":"0 g"},{"key":"Eiweiß","value":"20 g"},{"key":"Salz","value":"0 g"},{"key":"Broteinheiten","value":"0,2 BE"}],"tags":["Gekühlt"]},
    {"url":"https://www.interspar.at/shop/lebensmittel/p/2020001655021","data":[{"key":"price","value":"0,59 €"},{"key":"oldPrice","value":"\n\t\t\t\t\t\n\t\t\t\t\t \n\t\t\t\t"},{"key":"pricePerUnit","value":"(2.36 €/kg)"},{"key":"productDetailsName","value":"NÖM fasten - Joghurt  Natur 0,1% Fett - 250 G"},{"key":"detailsDescription","value":"250 G"},{"key":"articleNumber","value":"Artikelnummer: 2020001655021"},{"key":"Lagerhinweis:","value":["Gekühlt (+ 3-9 °C) lagern."]},{"key":"Zutaten:","value":["Zutaten: NATURJOGHURT. In Großbuchstaben angegebene Zutaten enthalten allergene Inhaltsstoffe."]},{"key":"Allergene:","value":["Enthält:Milch und daraus gewonnene Erzeugnisse (inkl. Laktose)"]},{"key":"Identitätskennzeichen:","value":["AT 30960 EG"]},{"key":"Kontakt:","value":["NÖM AG","Vöslauer Straße 109, 2500 Baden, Österreich","www.noem.at","0800 800 500"]}],"nutritions":[{"key":"","value":"Unzubereitet"},{"key":" ","value":"100 g"},{"key":"Energie","value":"182 kJ | 43 kcal"},{"key":"Fett","value":"0,1 g"},{"key":"Fett, davon gesättigte Fettsäuren","value":"0,06 g"},{"key":"Kohlenhydrate","value":"4,4 g"},{"key":"Kohlenhydrate, davon Zucker","value":"4,4 g"},{"key":"Eiweiß","value":"5,5 g"},{"key":"Salz","value":"0,1 g"},{"key":"","value":"Unzubereitet"},{"key":" ","value":"Portion (250 g)"},{"key":"Energie","value":"455 kJ | 108 kcal | 5 %"},{"key":"Fett","value":"0,3 g | 1 %"},{"key":"Fett, davon gesättigte Fettsäuren","value":"0,15 g | 1 %"},{"key":"Kohlenhydrate","value":"11 g | 4 %"},{"key":"Kohlenhydrate, davon Zucker","value":"11 g | 12 %"},{"key":"Eiweiß","value":"13,8 g | 28 %"},{"key":"Salz","value":"0,25 g | 4 %"}],"tags":[]},
    {"url":"https://www.interspar.at/shop/lebensmittel/p/7995958","data":[{"key":"price","value":"3,59 €"},{"key":"oldPrice","value":"\n\t\t\t\t\t\n\t\t\t\t\t \n\t\t\t\t"},{"key":"pricePerUnit","value":"(22.44 €/kg)"},{"key":"productDetailsName","value":"Weizer Schafbauern - Schafkäse Kräuter in Öl - 160 G"},{"key":"detailsDescription","value":"160 G"},{"key":"articleNumber","value":"Artikelnummer: 7995958"},{"key":"Lagerhinweis:","value":["Gekühlt lagern bei +7 °C"]},{"key":"Zutaten:","value":["Zutaten: Schafkäse mind. 45% F.i.T, Pflanzenöl, Kräuter, Konservierungsstoff: Lysozym"]},{"key":"Allergene:","value":["Enthält:Eier und daraus gewonnene Erzeugnisse, Milch und daraus gewonnene Erzeugnisse (inkl. Laktose)"]},{"key":"Identitätskennzeichen:","value":["AT 60185 EG"]},{"key":"Kontakt:","value":["Weizer Schafbauern reg.Gen.m.b.H","Marburgerstraße 45, 8160 Weiz, Österreich"]}],"nutritions":[{"key":"","value":"Zubereitet"},{"key":"Energie","value":"2564 kJ | 625 kcal"},{"key":"Fett","value":"59 g"},{"key":"Fett, davon gesättigte Fettsäuren","value":"19 g"},{"key":"Kohlenhydrate","value":"2 g"},{"key":"Kohlenhydrate, davon Zucker","value":"2 g"},{"key":"Ballaststoffe","value":"0 g"},{"key":"Eiweiß","value":"20 g"},{"key":"Salz","value":"1 g"},{"key":"Broteinheiten","value":"0,2 BE"}],"tags":["Gekühlt"]},
    {"url":"https://www.interspar.at/shop/lebensmittel/p/2187549","data":[{"key":"price","value":"1,69 €"},{"key":"oldPrice","value":"\n\t\t\t\t\t\n\t\t\t\t\t \n\t\t\t\t"},{"key":"pricePerUnit","value":"(0.28 €/Stück)"},{"key":"productDetailsName","value":"SPAR - Golddotter-Ei aus Bodenhaltung Größe L - 6 STK"},{"key":"detailsDescription","value":"6 STK"},{"key":"articleNumber","value":"Artikelnummer: 2187549"},{"key":"Lagerhinweis:","value":["Bei Kühlschranktemperatur aufbewahren."]},{"key":"Zutaten:","value":["Zutaten: HÜHNEREIER. In Großbuchstaben angegebene Zutaten enthalten allergene Inhaltsstoffe."]},{"key":"Allergene:","value":["Enthält:Eier und daraus gewonnene Erzeugnisse"]},{"key":"Zusatztext:","value":["Die Packstellennummer entnehmen Sie dem Sticker auf der Verpackung.Das steht auf dem Ei:  Haltungsform - Erzeugerland - LegebetriebHaltungsform: 0 = Biologische Landwirtschaft1 = Freilandhaltung2 = Bodenhaltung3 = KäfighaltungErzeugerland:AT = ÖsterreichLegebetrieb:Registrierte Nummer des Legebetriebs"]},{"key":"Ursprungsland/Herkunftsort:","value":["Österreich"]},{"key":"Verwendungshinweis:","value":["Nach Ablauf des Mindesthaltbarkeitsdatums durcherhitzen. Bitte beachten Sie die Regeln der guten Küchenhygiene (siehe Innenseite der Verpackung)."]},{"key":"Kontakt:","value":["SPAR Österr. Warenhandels-AG","Europastraße 3, 5015 Salzburg, Österreich"]}],"nutritions":[],"tags":["immer Billig"]},
    {"url":"https://www.interspar.at/shop/lebensmittel/p/1733679","data":[{"key":"price","value":"1,89 €"},{"key":"oldPrice","value":"\n\t\t\t\t\t\n\t\t\t\t\t \n\t\t\t\t"},{"key":"pricePerUnit","value":"(4.73 €/kg)"},{"key":"productDetailsName","value":"Mevgal - Griechischer Joghurt 0% 2 x 200g - 400 G"},{"key":"detailsDescription","value":"400 G"},{"key":"articleNumber","value":"Artikelnummer: 1733679"},{"key":"Lagerhinweis:","value":["Bei +8°C lagern."]},{"key":"Zutaten:","value":["Zutaten: Entrahmte KUHMILCH, MILCHEIWEISS, Joghurtkulturen. In Großbuchstaben angegebene Zutaten enthalten allergene Inhaltsstoffe."]},{"key":"Allergene:","value":["Enthält:Milch und daraus gewonnene Erzeugnisse (inkl. Laktose)"]},{"key":"Identitätskennzeichen:","value":["GR 18.2.115 EC"]},{"key":"Ursprungsland/Herkunftsort:","value":["Griechenland"]},{"key":"Kontakt:","value":["Mevgal A.E.","57100 KoufaliaThessaloniki, Griechenland"]}],"nutritions":[{"key":"","value":"Unzubereitet"},{"key":" ","value":"100 g"},{"key":"Energie","value":"228 kJ | 54 kcal"},{"key":"Fett","value":"0 g"},{"key":"Fett, davon gesättigte Fettsäuren","value":"0 g"},{"key":"Kohlenhydrate","value":"5 g"},{"key":"Kohlenhydrate, davon Zucker","value":"5 g"},{"key":"Eiweiß","value":"8,4 g"},{"key":"Salz","value":"0,11 g"},{"key":"","value":"Unzubereitet"},{"key":" ","value":"Portion (200 g)"},{"key":"Energie","value":"456 kJ | 108 kcal | 5 %"},{"key":"Fett","value":"0 g | 0 %"},{"key":"Fett, davon gesättigte Fettsäuren","value":"0 g | 0 %"},{"key":"Kohlenhydrate","value":"10 g | 4 %"},{"key":"Kohlenhydrate, davon Zucker","value":"10 g | 11 %"},{"key":"Eiweiß","value":"16,8 g | 34 %"},{"key":"Salz","value":"0,22 g | 3 %"}],"tags":[]},
    {"url":"https://www.interspar.at/shop/lebensmittel/p/2020000626688","data":[{"key":"price","value":"0,99 €"},{"key":"oldPrice","value":"\n\t\t\t\t\t\n\t\t\t\t\t \n\t\t\t\t"},{"key":"pricePerUnit","value":"(7.92 €/kg)"},{"key":"productDetailsName","value":"Darbo Vitaminreich - Fruchtikus Brombeer-Apfel - 125 G"},{"key":"detailsDescription","value":"125 G"},{"key":"articleNumber","value":"Artikelnummer: 2020000626688"},{"key":"Lagerhinweis:","value":["Gekühlt lagern."]},{"key":"Zutaten:","value":["Zutaten: 83% Früchte (in veränderlichen Gewichtsanteilen: Brombeeren passiert, Äpfel), Zucker, Vitamin C, Vitamin E. Fruchtanteil 83%."]},{"key":"Verwendungshinweis:","value":["Fruchtdessert zum Löffeln. Kühl genießen."]},{"key":"Kontakt:","value":["A. Darbo AG","Dornau 18, 6135 Stans, Österreich"]}],"nutritions":[{"key":"","value":"Unzubereitet"},{"key":" ","value":"100 g"},{"key":"Energie","value":"382 kJ | 90 kcal"},{"key":"Fett","value":"0,6 g"},{"key":"Fett, davon gesättigte Fettsäuren","value":"0 g"},{"key":"Kohlenhydrate","value":"20 g"},{"key":"Kohlenhydrate, davon Zucker","value":"20 g"},{"key":"Eiweiß","value":"0,4 g"},{"key":"Salz","value":"0 g"},{"key":"Vitamin E","value":"3,6 mg | 30 %"},{"key":"Vitamin C","value":"40 mg | 50 %"}],"tags":[]},
    {"url":"https://www.interspar.at/shop/lebensmittel/p/2020000626749","data":[{"key":"price","value":"0,99 €"},{"key":"oldPrice","value":"\n\t\t\t\t\t\n\t\t\t\t\t \n\t\t\t\t"},{"key":"pricePerUnit","value":"(7.92 €/kg)"},{"key":"productDetailsName","value":"Darbo Vitaminreich - Fruchtikus Bratapfel-Zimt - 125 G"},{"key":"detailsDescription","value":"125 G"},{"key":"articleNumber","value":"Artikelnummer: 2020000626749"},{"key":"Lagerhinweis:","value":["Gekühlt lagern."]},{"key":"Zutaten:","value":["Zutaten: 70% Äpfel, Zucker, Wasser, Orangensaftkonzentrat, Zitronensaftkonzentrat, Zimt, Aroma, Vitamin C, Vitamin E. Fruchtanteil 70%."]},{"key":"Verwendungshinweis:","value":["Fruchtdessert zum Löffeln. Kühl genießen."]},{"key":"Kontakt:","value":["A. Darbo AG","Dornau 18, 6135 Stans, Österreich"]}],"nutritions":[{"key":"","value":"Unzubereitet"},{"key":" ","value":"100 g"},{"key":"Energie","value":"336 kJ | 79 kcal"},{"key":"Fett","value":"0,5 g"},{"key":"Fett, davon gesättigte Fettsäuren","value":"0,2 g"},{"key":"Kohlenhydrate","value":"18 g"},{"key":"Kohlenhydrate, davon Zucker","value":"18 g"},{"key":"Eiweiß","value":"0,5 g"},{"key":"Salz","value":"0 g"},{"key":"Vitamin E","value":"3,6 mg | 30 %"},{"key":"Vitamin C","value":"40 mg | 50 %"}],"tags":[]},
    {"url":"https://www.interspar.at/shop/lebensmittel/p/2020001024537","data":[{"key":"price","value":"2,49 €"},{"key":"oldPrice","value":"\n\t\t\t\t\t\n\t\t\t\t\tstatt 2,79 €\n\t\t\t\t"},{"key":"pricePerUnit","value":"(0.17 €/Stück)"},{"key":"productDetailsName","value":"Gutshof - Eier aus Bodenhaltung Größe M - 15 STK"},{"key":"detailsDescription","value":"15 STK"},{"key":"articleNumber","value":"Artikelnummer: 2020001024537"},{"key":"Lagerhinweis:","value":["Bei Kühlschranktemperatur aufbewahren."]},{"key":"Zutaten:","value":["Zutaten: EIER. In Großbuchstaben angegebene Zutaten enthalten allergene Inhaltsstoffe."]},{"key":"Allergene:","value":["Enthält:Eier und daraus gewonnene Erzeugnisse"]},{"key":"Identitätskennzeichen:","value":["AT 61297 EG"]},{"key":"Zusatztext:","value":["Information zur Einzeleikennzeichnung:Der auf den Eiern aufgestempelte Erzeugercode setzt sich zusammen aus dem Code der Haltungsform:0 = biologische Produktion, 1 = Freilandhaltung, 2 = Bodenhaltung, 3 = Käfighaltung, dem Ursprungslandder Eier: AT = Österreich und der individuellen Betriebsnummer des Legebetriebs."]},{"key":"Ursprungsland/Herkunftsort:","value":["Qualität aus Österreich"]},{"key":"Verwendungshinweis:","value":["Nach Ablauf des Mindesthaltbarkeitsdatums durcherhitzen."]},{"key":"Kontakt:","value":["Gnaser Frischeiproduktions GmbH","Burgfried 124, 8342 Gnas, Österreich"]}],"nutritions":[],"tags":["Gekühlt","Glutenfrei","Lactosefrei"]},
    {"url":"https://www.interspar.at/shop/lebensmittel/p/2157672","data":[{"key":"price","value":"2,49 €"},{"key":"oldPrice","value":"\n\t\t\t\t\t\n\t\t\t\t\t \n\t\t\t\t"},{"key":"pricePerUnit","value":"(0.42 €/Stück)"},{"key":"productDetailsName","value":"SPAR Vital - Eier Omega-3 Plus 330g - 6 STK"},{"key":"detailsDescription","value":"6 STK"},{"key":"articleNumber","value":"Artikelnummer: 2157672"},{"key":"Lagerhinweis:","value":["Bei Kühlschranktemperatur aufbewahren."]},{"key":"Zutaten:","value":["Zutaten: HÜHNEREI. In Großbuchstaben angegebene Zutaten enthalten allergene Inhaltsstoffe."]},{"key":"Allergene:","value":["Enthält:Eier und daraus gewonnene Erzeugnisse"]},{"key":"","value":["8 x mehr Omega-3-Fettsäuren im Vergleich zu einem herkömmlichen Ei5 x mehr Vitamin E im Vergleich zu einem herkömmlichen Ei"]},{"key":"Identitätskennzeichen:","value":["PN: AT 41458 EG"]},{"key":"Zusatztext:","value":["- Mindestgewicht 330g- Eier verschiedener Größe- Essen Sie täglich 1 Ei (55g) - Eine abwechslungsreiche, ausgewogene Ernährung, Bewegung und ein gesunder Lebensstil sind wichtig für die Gesundheit"]},{"key":"Ursprungsland/Herkunftsort:","value":["Qualität aus Österreich"]},{"key":"Zusatzinformation:","value":["Omega-3-Fettsäuren gehören zu den essentiellen, ungesättigten Fettsäuren. Da der Körper diese wertvollen Fettsäuren selbst nicht bilden kann, müssen sie über die Nahrung aufgenommen werden. Vitamin E trägt dazu bei, die Zellen vor oxidativem Stress zu schützen."]},{"key":"Verwendungshinweis:","value":["Nach Ablauf des Mindesthaltbarkeitsdatums durcherhitzen."]},{"key":"Kontakt:","value":["SPAR Österr. Warenhandels-AG","Europastraße 3, 5015 Salzburg, Österreich"]}],"nutritions":[{"key":"","value":"Unzubereitet"},{"key":" ","value":"100 g"},{"key":"Energie","value":"603 kJ | 145 kcal"},{"key":"Fett","value":"10 g"},{"key":"Fett, davon gesättigte Fettsäuren","value":"3 g"},{"key":"Fett, davon einfach ungesättigte Fettsäuren","value":"4 g"},{"key":"Fett, davon mehrfach ungesättigte Fettsäuren","value":"3 g"},{"key":"Kohlenhydrate","value":"0,7 g"},{"key":"Kohlenhydrate, davon Zucker","value":"0,7 g"},{"key":"Ballaststoffe","value":"0 g"},{"key":"Eiweiß","value":"13 g"},{"key":"Salz","value":"0,3 g"},{"key":"Vitamin E","value":"10 mg | 83 %"},{"key":"Broteinheiten","value":"0,06 BE"},{"key":"Omega-3-Fettsäuren","value":"1,2 g"},{"key":"Omega-6-Fettsäuren","value":"1,2 g"}],"tags":["Glutenfrei","Lactosefrei"]},
    {"url":"https://www.interspar.at/shop/lebensmittel/p/3107492","data":[{"key":"price","value":"0,99 €"},{"key":"oldPrice","value":"\n\t\t\t\t\t\n\t\t\t\t\t \n\t\t\t\t"},{"key":"pricePerUnit","value":"(19.90 €/kg)"},{"key":"productDetailsName","value":"Schärdinger - Weinkäse - 1 KG"},{"key":"detailsDescription","value":"1 KG"},{"key":"articleNumber","value":"Artikelnummer: 3107492"},{"key":"Lagerhinweis:","value":["Vor und nach dem Öffnen gekühlt lagern. Nach dem Öffnen alsbald verbrauchen."]},{"key":"Zutaten:","value":["Zutaten: MILCH, Salz, tierisches Lab, Käsereikulturen, Weingeläger, Festigungsmittel: Calciumchlorid. In Großbuchstaben angegebene Zutaten enthalten allergene Inhaltsstoffe."]},{"key":"Allergene:","value":["Enthält:Milch und daraus gewonnene Erzeugnisse (inkl. Laktose)"]},{"key":"","value":["Laktosefrei"]},{"key":"Ursprungsland/Herkunftsort:","value":["Österreich"]},{"key":"Kontakt:","value":["Berglandmilch","A-4600 Wels"]}],"nutritions":[{"key":"","value":"Unzubereitet"},{"key":" ","value":"100 g"},{"key":"Energie","value":"1658 kJ | 401 kcal"},{"key":"Fett","value":"37 g"},{"key":"Fett, davon gesättigte Fettsäuren","value":"24 g"},{"key":"Kohlenhydrate","value":"0 g"},{"key":"Kohlenhydrate, davon Zucker","value":"0 g"},{"key":"Eiweiß","value":"17 g"},{"key":"Salz","value":"1,6 g"}],"tags":["Gekühlt","Glutenfrei","Lactosefrei"]},
    {"url":"https://www.interspar.at/shop/lebensmittel/p/5084531","data":[{"key":"price","value":"1,59 €"},{"key":"oldPrice","value":"\n\t\t\t\t\t\n\t\t\t\t\t \n\t\t\t\t"},{"key":"pricePerUnit","value":"(10.60 €/kg)"},{"key":"productDetailsName","value":"Wojnar's - Brotaufstrich Schinken - 150 G"},{"key":"detailsDescription","value":"150 G"},{"key":"articleNumber","value":"Artikelnummer: 5084531"},{"key":"Lagerhinweis:","value":["Gekühlt lagern bei +2°C bis +7°C. Nach dem Öffnen innerhalb von 5 Tagen verbrauchen."]},{"key":"Zutaten:","value":["Zutaten: Rapsöl, 23% Toastschinken (Schweinefleisch, Trinkwasser, Stabilisator: Triphosphate; Maltodextrin, Verdickungsmittel: Carrageen; Citrusfaser, Speisesalz, Zucker, Antioxidationsmittel: Natriumascorbat; Gewürzextrakte, Konservierungsstoff: Natriumnitrit), Trinkwasser, Zwiebelzubereitung (Zwiebel, Weingeistessig, Süßungsmittel: Saccharin), EIGELB*, Zucker, modifizierte Stärke, Speisesalz, Schnittlauch, SENFKORN, Gewürze, Rauch, Säuerungsmittel: Milchsäure, Citronensäure; Verdickungsmittel: Guarkernmehl, Xanthan. In Großbuchstaben angegebene Zutaten enthalten allergene Inhaltsstoffe.*Herkunftsgesicherte Eier aus Freilandhaltung"]},{"key":"Allergene:","value":["Enthält:Eier und daraus gewonnene Erzeugnisse, Senf und daraus gewonnene Erzeugnisse"]},{"key":"Verbrauchen nach dem Öffnen:","value":["5 Tage"]},{"key":"Kontakt:","value":["Wojnar's Wiener Leckerbissen Delikatessenerzeugung GmbH","Laxenburger Straße 250, 1230 Wien, Österreich"]}],"nutritions":[{"key":"","value":"Unzubereitet"},{"key":" ","value":"100 g"},{"key":"Energie","value":"1303 kJ | 316 kcal"},{"key":"Fett","value":"31 g"},{"key":"Fett, davon gesättigte Fettsäuren","value":"2,6 g"},{"key":"Kohlenhydrate","value":"7,1 g"},{"key":"Kohlenhydrate, davon Zucker","value":"5,7 g"},{"key":"Eiweiß","value":"1,2 g"},{"key":"Salz","value":"2 g"}],"tags":["Glutenfrei","Lactosefrei"]},
    {"url":"https://www.interspar.at/shop/lebensmittel/p/6172015","data":[{"key":"price","value":"1,99 €"},{"key":"oldPrice","value":"\n\t\t\t\t\t\n\t\t\t\t\t \n\t\t\t\t"},{"key":"pricePerUnit","value":"(7.96 €/l)"},{"key":"productDetailsName","value":"Rama - Cremefine schon geschlagen - 250 ML"},{"key":"detailsDescription","value":"250 ML"},{"key":"articleNumber","value":"Artikelnummer: 6172015"},{"key":"Lagerhinweis:","value":["Beste Lagerung zwischen +2 °C und +24 °C."]},{"key":"Zutaten:","value":["Zutaten: 40% BUTTERMILCH, 24% pflanzliche Fette und Öle (Palm, Kokos, Palm ganz gehärtet, Raps), 23% MAGERMILCH, Trinkwasser, Zucker, MILCHEIWEISS, Emulgatoren: Mono- und Diglyceride von Speisefettsäuren, Polyoxyethylensorbitanmonostearat (Polysorbat 60); Stabilisator: Carrageen, natürliches Aroma (mit MILCH), Farbstoff: Carotin, Treibgas: Distickstoffoxid. In Großbuchstaben angegebene Zutaten enthalten allergene Inhaltsstoffe."]},{"key":"Allergene:","value":["Enthält:Milch und daraus gewonnene Erzeugnisse (inkl. Laktose)"]},{"key":"Verwendungshinweis:","value":["Siegel aufbrechen. Vor Gebrauch gut schütteln und Dose senkrecht nach unten halten. Nach jedem Gebrauch Düse gut mit warmem Wasser ausspülen. Nach dem Öffnen im Kühlschrank aufbewahren."]},{"key":"Kontakt:","value":["Unilever Austria GmbH","Stella-Klein-Löw-Weg 13,Postfach 10, 1023 Wien,Österreich","www.rama-cremefine.at","0800/240 290"]}],"nutritions":[{"key":" ","value":"100 ml"},{"key":"","value":"Unzubereitet"},{"key":"Energie","value":"1135 kJ | 275 kcal"},{"key":"Fett","value":"26 g"},{"key":"Fett, davon gesättigte Fettsäuren","value":"19 g"},{"key":"Kohlenhydrate","value":"8,2 g"},{"key":"Kohlenhydrate, davon Zucker","value":"8,2 g"},{"key":"Eiweiß","value":"3,1 g"},{"key":"Salz","value":"0,12 g"}],"tags":[]},
    {"url":"https://www.interspar.at/shop/lebensmittel/p/7478383","data":[{"key":"price","value":"1,69 €"},{"key":"oldPrice","value":"\n\t\t\t\t\t\n\t\t\t\t\t \n\t\t\t\t"},{"key":"pricePerUnit","value":"(6.76 €/l)"},{"key":"productDetailsName","value":"Hochwald - Sahnewunder Typ Vanille - 250 ML"},{"key":"detailsDescription","value":"250 ML"},{"key":"articleNumber","value":"Artikelnummer: 7478383"},{"key":"Lagerhinweis:","value":["Angebrochene Dose im Kühlschrank aufbewahren und innerhalb von zwei Wochen aufbrauchen."]},{"key":"Zutaten:","value":["Zutaten: SCHLAGSAHNE, Invertzuckersirup, natürliches Aroma, Verdickungsmittel E 407, Emulgator E 472 b, Farbstoff E 160 a, Treibgas: Distickstoffoxid. In Großbuchstaben angegebene Zutaten enthalten allergene Inhaltstoffe."]},{"key":"Allergene:","value":["Kann Spuren enthalten von:Sojabohnen und daraus gewonnene Erzeugnisse","Enthält:Milch und daraus gewonnene Erzeugnisse (inkl. Laktose)"]},{"key":"Zubereitung:","value":["Verzehrfertig1. Vor Verwendung 3-4 Stunden im Kühlschrank lagern (nicht im Tiefkühlfach). 2. Vor Erstgebrauch Düse einmal umklappen, um die beiden Frischesiegel zu lösen. 3. Vor Gebrauch Dose mit Öffnung nach unten halten und kurz schütteln. 4. Zum Sprühen Dose senkrecht nach unten halten und Knopf drücken (siehe Abbildung auf Dose). 5. Anschließend Spritzdüse hochklappen, reinigen und trocknen."]},{"key":"Identitätskennzeichen:","value":["DE NW 402 EG"]},{"key":"Verbrauchen nach dem Öffnen:","value":["2 Wochen"]},{"key":"Verwendungshinweis:","value":["Achtung: Behälter steht unter Druck: Kann bei Erwärmung bersten. Von Hitze, heißen Oberflächen, Funken, offenen Flammen sowie anderen Zündquellenarten fernhalten. Nicht rauchen. Nicht durchstechen oder verbrennen, auch nicht nach Gebrauch. Vor Sonnenbestrahlung schützen und nicht Temperaturen von mehr als 50°C aussetzen. Aus technischen Gründen verbleibt immer eine kleine Restmenge in der Dose."]},{"key":"Kontakt:","value":["Hochwald Foods GmbH","Bahnhofstraße 37, 54424 Thalfang, Deutschland"]}],"nutritions":[{"key":"","value":"Unzubereitet"},{"key":" ","value":"100 g"},{"key":"Energie","value":"1234 kJ | 298 kcal"},{"key":"Fett","value":"27 g"},{"key":"Fett, davon gesättigte Fettsäuren","value":"16,8 g"},{"key":"Kohlenhydrate","value":"11,6 g"},{"key":"Kohlenhydrate, davon Zucker","value":"11,6 g"},{"key":"Eiweiß","value":"2,2 g"},{"key":"Salz","value":"0,08 g"}],"tags":[]},
    {"url":"https://www.interspar.at/shop/lebensmittel/p/7480331","data":[{"key":"price","value":"1,69 €"},{"key":"oldPrice","value":"\n\t\t\t\t\t\n\t\t\t\t\t \n\t\t\t\t"},{"key":"pricePerUnit","value":"(6.76 €/l)"},{"key":"productDetailsName","value":"Hochwald - Sahnewunder Schoko - 250 ML"},{"key":"detailsDescription","value":"250 ML"},{"key":"articleNumber","value":"Artikelnummer: 7480331"},{"key":"Lagerhinweis:","value":["Angebrochene Dose im Kühlschrank aufbewahren und innerhalb von zwei Wochen aufbrauchen."]},{"key":"Zutaten:","value":["Zutaten: SCHLAGSAHNE, Invertzuckersirup, MAGERMILCH, Schokoladenpulver 6% (Traubenzucker, Fruktose, Kakaopulver), Verdickungsmittel E 407, Emulgator E 472 b. Treibgas: Distickstoffoxid. In Großbuchstaben angegebene Zutaten enthalten allergene Inhaltstoffe."]},{"key":"Allergene:","value":["Kann Spuren enthalten von:Sojabohnen und daraus gewonnene Erzeugnisse","Enthält:Milch und daraus gewonnene Erzeugnisse (inkl. Laktose)"]},{"key":"Identitätskennzeichen:","value":["DE NW 402 EG"]},{"key":"Verbrauchen nach dem Öffnen:","value":["2 Wochen"]},{"key":"Verwendungshinweis:","value":["Achtung: Behälter steht unter Druck: Kann bei Erwärmung bersten. Von Hitze, heißen Oberflächen, Funken, offenen Flammen sowie anderen Zündquellenarten fernhalten. Nicht rauchen. Nicht durchstechen oder verbrennen, auch nicht nach Gebrauch. Vor Sonnenbestrahlung schützen und nicht Temperaturen von mehr als 50°C aussetzen. Aus technischen Gründen verbleibt immer eine kleine Restmenge in der Dose."]},{"key":"Kontakt:","value":["Hochwald Foods GmbH","Bahnhofstraße 37, 54424 Thalfang, Deutschland"]}],"nutritions":[{"key":"","value":"Unzubereitet"},{"key":" ","value":"100 g"},{"key":"Energie","value":"1165 kJ | 281 kcal"},{"key":"Fett","value":"24 g"},{"key":"Fett, davon gesättigte Fettsäuren","value":"16,1 g"},{"key":"Kohlenhydrate","value":"13 g"},{"key":"Kohlenhydrate, davon Zucker","value":"12,4 g"},{"key":"Eiweiß","value":"2,9 g"},{"key":"Salz","value":"0,08 g"}],"tags":[]},
    {"url":"https://www.interspar.at/shop/lebensmittel/p/7481000","data":[{"key":"price","value":"1,69 €"},{"key":"oldPrice","value":"\n\t\t\t\t\t\n\t\t\t\t\t \n\t\t\t\t"},{"key":"pricePerUnit","value":"(6.76 €/l)"},{"key":"productDetailsName","value":"Hochwald - Sahnewunder Typ Eierlikör - 250 ML"},{"key":"detailsDescription","value":"250 ML"},{"key":"articleNumber","value":"Artikelnummer: 7481000"},{"key":"Lagerhinweis:","value":["Angebrochene Dose im Kühlschrank aufbewahren und innerhalb von zwei Wochen aufbrauchen."]},{"key":"Zutaten:","value":["Zutaten: SCHLAGSAHNE, Invertzuckersirup, MILCHEIWEISSERZEUGNIS, Aroma, Alkohol, Verdickungsmittel E 407, Emulgator E472b, Farbstoff Beta-Carotin. Treibgas: Distickstoffoxid. In Großbuchstaben angegebene Zutaten enthalten allergene Inhaltstoffe."]},{"key":"Allergene:","value":["Kann Spuren enthalten von:Sojabohnen und daraus gewonnene Erzeugnisse","Enthält:Milch und daraus gewonnene Erzeugnisse (inkl. Laktose)"]},{"key":"Zubereitung:","value":["Verzehrfertig1. Vor Verwendung 3-4 Stunden im Kühlschrank lagern (nicht im Tiefkühlfach). 2. Vor Erstgebrauch Düse einmal umklappen, um die beiden Frischesiegel zu lösen. 3. Vor Gebrauch Dose mit Öffnung nach unten halten und kurz schütteln. 4. Zum Sprühen Dose senkrecht nach unten halten und Knopf drücken (siehe Abbildung auf Dose). 5. Anschließend Spritzdüse hochklappen, reinigen und trocknen."]},{"key":"Identitätskennzeichen:","value":["DE NW 402 EG"]},{"key":"Verbrauchen nach dem Öffnen:","value":["2 Wochen"]},{"key":"Verwendungshinweis:","value":["Achtung: Behälter steht unter Druck: Kann bei Erwärmung bersten. Von Hitze, heißen Oberflächen, Funken, offenen Flammen sowie anderen Zündquellenarten fernhalten. Nicht rauchen. Nicht durchstechen oder verbrennen, auch nicht nach Gebrauch. Vor Sonnenbestrahlung schützen und nicht Temperaturen von mehr als 50°C aussetzen. Aus technischen Gründen verbleibt immer eine kleine Restmenge in der Dose."]},{"key":"Kontakt:","value":["Hochwald Foods GmbH","Bahnhofstraße 37, 54424 Thalfang, Deutschland"]}],"nutritions":[{"key":"","value":"Unzubereitet"},{"key":" ","value":"100 g"},{"key":"Energie","value":"1222 kJ | 295 kcal"},{"key":"Fett","value":"22 g"},{"key":"Fett, davon gesättigte Fettsäuren","value":"14,9 g"},{"key":"Kohlenhydrate","value":"15,7 g"},{"key":"Kohlenhydrate, davon Zucker","value":"15,7 g"},{"key":"Eiweiß","value":"2,5 g"},{"key":"Salz","value":"0,08 g"}],"tags":[]},
    {"url":"https://www.interspar.at/shop/lebensmittel/p/7706998","data":[{"key":"price","value":"3,59 €"},{"key":"oldPrice","value":"\n\t\t\t\t\t\n\t\t\t\t\t \n\t\t\t\t"},{"key":"pricePerUnit","value":"(7.98 €/kg)"},{"key":"productDetailsName","value":"Gaflenzer - Schafmischkäse 2 Stück - 450 G"},{"key":"detailsDescription","value":"450 G"},{"key":"articleNumber","value":"Artikelnummer: 7706998"},{"key":"Lagerhinweis:","value":["Gekühlt lagern bei +2°C bis +6°C. Nach dem Öffnen innerhalb von 3 Tagen aufbrauchen."]},{"key":"Zutaten:","value":["Zutaten: Aus pasteurisierter SCHAFMILCH (mind. 51%) und KUHMILCH (max. 49%) mit natürl. Fettgehalt (absolut mindestens 12%, FIT mindestens 42%). In Großbuchstaben angegebene Zutaten enthalten allergene Inhaltsstoffe."]},{"key":"Allergene:","value":["Enthält:Milch und daraus gewonnene Erzeugnisse (inkl. Laktose)"]},{"key":"Identitätskennzeichen:","value":["AT 41004 EG"]},{"key":"Abtropfgewicht:","value":["450 g"]},{"key":"Verbrauchen nach dem Öffnen:","value":["3 Tage"]},{"key":"Kontakt:","value":["Gaflenzer Bauernladen GmbH","Oberland 1, 3334 Gaflenz, Österreich"]}],"nutritions":[{"key":"","value":"Unzubereitet"},{"key":" ","value":"100 g"},{"key":"Energie","value":"720 kJ | 173 kcal"},{"key":"Fett","value":"14 g"},{"key":"Fett, davon gesättigte Fettsäuren","value":"9,1 g"},{"key":"Kohlenhydrate","value":"4,2 g"},{"key":"Kohlenhydrate, davon Zucker","value":"2,4 g"},{"key":"Eiweiß","value":"9 g"},{"key":"Salz","value":"0,23 g"}],"tags":["Gekühlt"]},
    {"url":"https://www.interspar.at/shop/lebensmittel/p/2020001073672","data":[{"key":"price","value":"1,59 €"},{"key":"oldPrice","value":"\n\t\t\t\t\t\n\t\t\t\t\t \n\t\t\t\t"},{"key":"pricePerUnit","value":"(0.16 €/Stück)"},{"key":"productDetailsName","value":"S-BUDGET - Frische Eier aus Bodenhaltung - 10 STK"},{"key":"detailsDescription","value":"10 STK"},{"key":"articleNumber","value":"Artikelnummer: 2020001073672"},{"key":"Lagerhinweis:","value":["Nach dem Kauf bei Kühlschranktemperatur aufbewahren."]},{"key":"Zutaten:","value":["Zutaten: HÜHNEREIER. In Großbuchstaben angegebene Zutaten enthalten allergene Inhaltsstoffe."]},{"key":"Allergene:","value":["Enthält:Eier und daraus gewonnene Erzeugnisse"]},{"key":"Zusatztext:","value":["Die Packstellennummer entnehmen Sie dem Sticker auf der Verpackung."]},{"key":"Ursprungsland/Herkunftsort:","value":["Eier zu 100% aus Österreich"]},{"key":"Verwendungshinweis:","value":["Nach Ablauf des Mindesthaltbarkeitsdatums durcherhitzen. Bitte beachten Sie die Regeln der guten Küchenhygiene (siehe Innenseite der Verpackung)."]},{"key":"Kontakt:","value":["SPAR Österr. Warenhandels-AG","Europastraße 3, 5015 Salzburg, Österreich"]}],"nutritions":[],"tags":["Gekühlt","immer Billig"]},
    {"url":"https://www.interspar.at/shop/lebensmittel/p/2020001630950","data":[{"key":"price","value":"2,29 €"},{"key":"oldPrice","value":"\n\t\t\t\t\t\n\t\t\t\t\t \n\t\t\t\t"},{"key":"pricePerUnit","value":"(0.23 €/Stück)"},{"key":"productDetailsName","value":"SPAR - Golddotter-Ei aus Bodenhaltung Größe M+ L - 10 STK"},{"key":"detailsDescription","value":"10 STK"},{"key":"articleNumber","value":"Artikelnummer: 2020001630950"},{"key":"Lagerhinweis:","value":["Nach dem Kauf bei Kühlschranktemperatur aufbewahren."]},{"key":"Zutaten:","value":["Zutaten: HÜHNEREIER. In Großbuchstaben angegebene Zutaten enthalten allergene Inhaltsstoffe."]},{"key":"Allergene:","value":["Enthält:Eier und daraus gewonnene Erzeugnisse"]},{"key":"Zusatztext:","value":["Die Packstellennummer entnehmen Sie bitte dem Sticker auf der Verpackung.AMA-Lizenznummer: 1066 1130"]},{"key":"Ursprungsland/Herkunftsort:","value":["Eier aus Österreich"]},{"key":"Verwendungshinweis:","value":["Nach Ablauf des Mindesthaltbarkeitsdatums durcherhitzen. Bitte beachten Sie die Regeln der guten Küchenhygiene (siehe Innenseite der Verpackung)."]},{"key":"Kontakt:","value":["SPAR Österr. Warenhandels-AG","Europastraße 3, 5015 Salzburg, Österreich"]}],"nutritions":[],"tags":["Gekühlt","immer Billig"]},
    {"url":"https://www.interspar.at/shop/lebensmittel/p/2020000995715","data":[{"key":"price","value":"2,49 €"},{"key":"oldPrice","value":"\n\t\t\t\t\t\n\t\t\t\t\tstatt 2,69 €\n\t\t\t\t"},{"key":"pricePerUnit","value":"(0.25 €/Stück)"},{"key":"productDetailsName","value":"Gnaser - Eier aus Bodenhaltung Größe XL - 10 STK"},{"key":"detailsDescription","value":"10 STK"},{"key":"articleNumber","value":"Artikelnummer: 2020000995715"},{"key":"Lagerhinweis:","value":["Bei Kühlschranktemperatur aufbewahren."]},{"key":"Zutaten:","value":["Zutaten: EIER. In Großbuchstaben angegebene Zutaten enthalten allergene Inhaltsstoffe."]},{"key":"Allergene:","value":["Enthält:Eier und daraus gewonnene Erzeugnisse"]},{"key":"Identitätskennzeichen:","value":["AT 61297 EG"]},{"key":"Zusatztext:","value":["Information zur Einzeleikennzeichnung:Der auf den Eiern aufgestempelte Erzeugercode setzt sich zusammen aus dem Code der Haltungsform:0 = biologische Produktion, 1 = Freilandhaltung, 2 = Bodenhaltung, 3 = Käfighaltung, dem Ursprungslandder Eier: AT = Österreich und der individuellen Betriebsnummer des Legebetriebs."]},{"key":"Ursprungsland/Herkunftsort:","value":["Österreich"]},{"key":"Verwendungshinweis:","value":["Nach Ablauf des Mindesthaltbarkeitsdatums durcherhitzen."]},{"key":"Kontakt:","value":["Gnaser Frischeiproduktions GmbH","Burgfried 124, 8342 Gnas, Österreich"]}],"nutritions":[],"tags":["Gekühlt"]},
    {"url":"https://www.interspar.at/shop/lebensmittel/p/3439586","data":[{"key":"price","value":"1,39 €"},{"key":"oldPrice","value":"\n\t\t\t\t\t\n\t\t\t\t\t \n\t\t\t\t"},{"key":"pricePerUnit","value":"(6.95 €/kg)"},{"key":"productDetailsName","value":"Efko - Ei Salat - 200 G"},{"key":"detailsDescription","value":"200 G"},{"key":"articleNumber","value":"Artikelnummer: 3439586"},{"key":"Lagerhinweis:","value":["Gekühlt lagern (3 - 9°C). Nach dem Öffnen 3 Tage haltbar."]},{"key":"Zutaten:","value":["Zutaten: 61% Mayonnaise 25% Fett (Wasser, Rapsöl, EIGELB, Zucker, Senf (Wasser, SENFSAAT, Weingeistessig, Zucker, Salz, Gewürze, Aroma), Gelatine, Weingeistessig, Salz, Würze (Salz, Geschmacksverstärker: Mononatriumglutamat, Stärke, Maltodextrin, Aroma), Farbstoff: Beta-Carotin, Konservierungsstoff: Natriumbenzoat, Kaliumsorbat), 39% HÜHNEREIWEISS. In Großbuchstaben angegebene Zutaten enthalten allergene Inhaltsstoffe."]},{"key":"Allergene:","value":["Enthält:Eier und daraus gewonnene Erzeugnisse, Senf und daraus gewonnene Erzeugnisse"]},{"key":"Verbrauchen nach dem Öffnen:","value":["3 Tage"]},{"key":"Kontakt:","value":["Efko Frischfrucht & Delikatessen GmbH","Hinzenbach 38, 4070 Eferding, Österreich"]}],"nutritions":[{"key":"","value":"Unzubereitet"},{"key":" ","value":"100 g"},{"key":"Energie","value":"1111 kJ | 269 kcal"},{"key":"Fett","value":"26 g"},{"key":"Fett, davon gesättigte Fettsäuren","value":"2,2 g"},{"key":"Kohlenhydrate","value":"2,7 g"},{"key":"Kohlenhydrate, davon Zucker","value":"2,2 g"},{"key":"Eiweiß","value":"6,1 g"},{"key":"Salz","value":"1,3 g"}],"tags":["Glutenfrei","Lactosefrei","immer Billig"]},
    {"url":"https://www.interspar.at/shop/lebensmittel/p/4881551","data":[{"key":"price","value":"1,59 €"},{"key":"oldPrice","value":"\n\t\t\t\t\t\n\t\t\t\t\t \n\t\t\t\t"},{"key":"pricePerUnit","value":"(10.60 €/kg)"},{"key":"productDetailsName","value":"Wojnar's - Brotaufstrich Ei - 150 G"},{"key":"detailsDescription","value":"150 G"},{"key":"articleNumber","value":"Artikelnummer: 4881551"},{"key":"Lagerhinweis:","value":["Gekühlt lagern bei +2°C bis +7°C. Nach dem Öffnen innerhalb von 5 Tagen verbrauchen."]},{"key":"Zutaten:","value":["Zutaten: Rapsöl, 24% gekochtes HÜHNEREIEIWEISS*, 14% HÜHNEREIER*, Trinkwasser, Zucker, Weingeistessig, Speisesalz, Schnittlauch, SENFKORN, Gewürze, modifizierte Stärken, Verdickungsmittel: Johannisbrotkernmehl, Xanthan, Guarkernmehl; Säuerungsmittel: Milchsäure, Farbstoff: Beta-Carotin. In Großbuchstaben angegebene Zutaten enthalten allergene Inhaltsstoffe.*Herkunftsgesicherte Eier aus Freilandhaltung"]},{"key":"Allergene:","value":["Enthält:Eier und daraus gewonnene Erzeugnisse, Senf und daraus gewonnene Erzeugnisse"]},{"key":"Verbrauchen nach dem Öffnen:","value":["5 Tage"]},{"key":"Kontakt:","value":["Wojnar's Wiener Leckerbissen Delikatessenerzeugung GmbH","Laxenburger Straße 250, 1230 Wien, Österreich"]}],"nutritions":[{"key":"","value":"Unzubereitet"},{"key":" ","value":"100 g"},{"key":"Energie","value":"1613 kJ | 391 kcal"},{"key":"Fett","value":"39 g"},{"key":"Fett, davon gesättigte Fettsäuren","value":"3,6 g"},{"key":"Kohlenhydrate","value":"4,9 g"},{"key":"Kohlenhydrate, davon Zucker","value":"4,5 g"},{"key":"Eiweiß","value":"4,9 g"},{"key":"Salz","value":"1,2 g"}],"tags":["Glutenfrei","Lactosefrei"]},
    {"url":"https://www.interspar.at/shop/lebensmittel/p/4881575","data":[{"key":"price","value":"1,59 €"},{"key":"oldPrice","value":"\n\t\t\t\t\t\n\t\t\t\t\t \n\t\t\t\t"},{"key":"pricePerUnit","value":"(10.60 €/kg)"},{"key":"productDetailsName","value":"Wojnar's - Brotaufstrich Thunfisch - 150 G"},{"key":"detailsDescription","value":"150 G"},{"key":"articleNumber","value":"Artikelnummer: 4881575"},{"key":"Lagerhinweis:","value":["Gekühlt lagern bei +2°C bis +7°C. Nach dem Öffnen innerhalb von 5 Tagen verbrauchen."]},{"key":"Zutaten:","value":["Zutaten: Rapsöl, 20% THUNFISCH, 15% gekochtes HÜHNEREIEIWEISS*, Trinkwasser, 10% HÜHNEREIER*, Zucker, Weingeistessig, SENFKORN, Speisesalz, modifizierte Stärken, Tomatenmark, Petersilie, Gewürze, Säuerungsmittel: Milchsäure; Verdickungsmittel: Guarkernmehl, Agar-Agar, Johannisbrotkernmehl, Xanthan. In Großbuchstaben angegebene Zutaten enthalten allergene Inhaltsstoffe.*Herkunftsgesicherte Eier aus Freilandhaltung"]},{"key":"Allergene:","value":["Enthält:Eier und daraus gewonnene Erzeugnisse, Fische und daraus gewonnene Erzeugnisse"]},{"key":"","value":["Ohne Konservierungsstoffe"]},{"key":"Ursprungsland/Herkunftsort:","value":["Österreich"]},{"key":"Verbrauchen nach dem Öffnen:","value":["5 Tage"]},{"key":"Kontakt:","value":["Wojnar's Wiener Leckerbissen Delikatessenerzeugung GmbH","Laxenburger Straße 250, 1230 Wien, Österreich"]}],"nutritions":[{"key":"","value":"Unzubereitet"},{"key":" ","value":"100 g"},{"key":"Energie","value":"1586 kJ | 384 kcal"},{"key":"Fett","value":"37 g"},{"key":"Fett, davon gesättigte Fettsäuren","value":"3,4 g"},{"key":"Kohlenhydrate","value":"4,9 g"},{"key":"Kohlenhydrate, davon Zucker","value":"4 g"},{"key":"Eiweiß","value":"7,7 g"},{"key":"Salz","value":"1,5 g"}],"tags":["Glutenfrei","Lactosefrei"]},
    {"url":"https://www.interspar.at/shop/lebensmittel/p/5834976","data":[{"key":"price","value":"1,59 €"},{"key":"oldPrice","value":"\n\t\t\t\t\t\n\t\t\t\t\t \n\t\t\t\t"},{"key":"pricePerUnit","value":"(10.60 €/kg)"},{"key":"productDetailsName","value":"Feinkost Spak - Eier-Salat Klassik - 150 G"},{"key":"detailsDescription","value":"150 G"},{"key":"articleNumber","value":"Artikelnummer: 5834976"},{"key":"Lagerhinweis:","value":["Gekühlt lagern bei +2°C bis +6°C. Nach dem Öffnen innerhalb von 5 Tagen verbrauchen."]},{"key":"Zutaten:","value":["Zutaten: Rapsöl, Trinkwasser, 26% EIER gekocht, 25% HÜHNEREIEIWEISS gekocht, Weingeistessig, SENFKORN, Zucker, Speisesalz, modifizierte Stärke, Gewürze, Säuerungsmittel: Milchsäure; Verdickungsmittel: Xanthan, Johannisbrotkernmehl, Guarkernmehl; Speisegelatine, Gewürze, Konservierungsstoffe: Kaliumsorbat, Natriumbenzoat; Süßungsmittel: Saccharin; Farbstoff: Beta-Carotin. In Großbuchstaben angegebene Zutaten enthalten allergene Inhaltsstoffe."]},{"key":"Allergene:","value":["Enthält:Eier und daraus gewonnene Erzeugnisse, Senf und daraus gewonnene Erzeugnisse"]},{"key":"Zusatztext:","value":["mit Rapsöl"]},{"key":"Verbrauchen nach dem Öffnen:","value":["5 Tage"]},{"key":"Kontakt:","value":["SP Feinkost Vertriebs GmbH","Laxenburgerstraße 365, 1230 Wien, Österreich"]}],"nutritions":[{"key":"","value":"Unzubereitet"},{"key":" ","value":"100 g"},{"key":"Energie","value":"964 kJ | 233 kcal"},{"key":"Fett","value":"21 g"},{"key":"Fett, davon gesättigte Fettsäuren","value":"2,4 g"},{"key":"Kohlenhydrate","value":"4 g"},{"key":"Kohlenhydrate, davon Zucker","value":"3,6 g"},{"key":"Eiweiß","value":"6,8 g"},{"key":"Salz","value":"1,8 g"}],"tags":["Glutenfrei","Lactosefrei"]},
    {"url":"https://www.interspar.at/shop/lebensmittel/p/2020001730216","data":[{"key":"price","value":"2,49 €"},{"key":"oldPrice","value":"\n\t\t\t\t\t\n\t\t\t\t\t \n\t\t\t\t"},{"key":"pricePerUnit","value":"(13.83 €/kg)"},{"key":"productDetailsName","value":"Salakis - Schafkäse salzreduziert - 180 G"},{"key":"detailsDescription","value":"180 G"},{"key":"articleNumber","value":"Artikelnummer: 2020001730216"},{"key":"Lagerhinweis:","value":["Bei +2°C bis +7 °C"]},{"key":"Zutaten:","value":["Zutaten: Weichkäse aus pasteurisierter Schafmilch in Salzlake gereift, mit reduziertem Salzanteil*. *im Vergleich zu Salakis Natur."]},{"key":"Allergene:","value":["Enthält:Milch und daraus gewonnene Erzeugnisse (inkl. Laktose)"]},{"key":"","value":["Ohne Konservierungsstoffe"]},{"key":"Identitätskennzeichen:","value":["FR 48.094.011 CE"]},{"key":"Kontakt:","value":["Societe des Caves","CS40210 12250 Roquefort sur Soulzon, France"]}],"nutritions":[{"key":"","value":"Unzubereitet"},{"key":"Energie","value":"273 kJ | 1132 kcal"},{"key":"Fett","value":"23 g"},{"key":"Fett, davon gesättigte Fettsäuren","value":"16,3 g"},{"key":"Kohlenhydrate","value":"0,8 g"},{"key":"Kohlenhydrate, davon Zucker","value":"0,8 g"},{"key":"Eiweiß","value":"15,7 g"},{"key":"Salz","value":"1,8 g"}],"tags":[]},
    {"url":"https://www.interspar.at/shop/lebensmittel/p/2020001405534","data":[{"key":"price","value":"2,59 €"},{"key":"oldPrice","value":"\n\t\t\t\t\t\n\t\t\t\t\t \n\t\t\t\t"},{"key":"pricePerUnit","value":"(0.32 €/Stück)"},{"key":"productDetailsName","value":"Die Eiermacher - Eier aus Bodenhaltung Größe L - 8 STK"},{"key":"detailsDescription","value":"8 STK"},{"key":"articleNumber","value":"Artikelnummer: 2020001405534"},{"key":"Lagerhinweis:","value":["Bei Kühlschranktemperatur aufbewahren."]},{"key":"Zutaten:","value":["Zutaten: EIER. In Großbuchstaben angegebene Zutaten enthalten allergene Inhaltsstoffe."]},{"key":"Allergene:","value":["Enthält:Eier und daraus gewonnene Erzeugnisse"]},{"key":"Identitätskennzeichen:","value":["AT 41929 EG"]},{"key":"Ursprungsland/Herkunftsort:","value":["Österreich"]},{"key":"Verwendungshinweis:","value":["Nach Ablauf des Mindesthaltbarkeitsdatums durcherhitzen."]},{"key":"Kontakt:","value":["Geflügel GmbH","Meierhofstraße 1, 4553 Schlierbach, Österreich"]}],"nutritions":[{"key":"","value":"Unzubereitet"},{"key":" ","value":"100 g"},{"key":"Energie","value":"648 kJ | 156 kcal"},{"key":"Fett","value":"11,2 g"},{"key":"Fett, davon gesättigte Fettsäuren","value":"2,8 g"},{"key":"Kohlenhydrate","value":"0,7 g"},{"key":"Kohlenhydrate, davon Zucker","value":"0,3 g"},{"key":"Ballaststoffe","value":"0 g"},{"key":"Eiweiß","value":"13 g"},{"key":"Salz","value":"0,38 g"},{"key":"Broteinheiten","value":"0,1 BE"}],"tags":[]},
    {"url":"https://www.interspar.at/shop/lebensmittel/p/7379376","data":[{"key":"price","value":"2,79 €"},{"key":"oldPrice","value":"\n\t\t\t\t\t\n\t\t\t\t\t \n\t\t\t\t"},{"key":"pricePerUnit","value":"(31.00 €/kg)"},{"key":"productDetailsName","value":"Chevrelard Ziegenkäse -  - 90 G"},{"key":"detailsDescription","value":"90 G"},{"key":"articleNumber","value":"Artikelnummer: 7379376"},{"key":"Lagerhinweis:","value":["Bei +2° bis +7°C zu verbrauchen bis"]},{"key":"Zutaten:","value":["Zutaten: Käse (67%): pasteurisierte ZIEGENMILCH, Salz, Koagulans, MILCHSÄUREBAKTERIEN, Stabilisator: Methylcellulose, Konservierungsmittel: Kaliumsorbat, Bauchspeck (33%): Schweinefleisch, Wasser, Salz, Dextrose, Antioxidationsmittel: Natriumerythorbat, Konservierungsmittel: Natriumnitrit, Rauch. Kann Spuren von Gluten, Fisch, Senf, Sulfite, Soja, Sesam, Schalenfrüchte und Sellerie enthalen. In Großbuchstaben angegebene Zutaten enthalten allergene Inhaltsstoffe"]},{"key":"Allergene:","value":["Lesen Sie immer zusätzlich den jeweiligen Verpackungstext im Falle von Allergie-Empfindlichkeit.","Kann Spuren enthalten von:Fische und daraus gewonnene Erzeugnisse, Glutenhaltiges Getreide und daraus hergestellte Erzeugnisse, Schalenfrüchte und daraus gewonnene Erzeugnisse, Schwefeldioxid und Sulphite, Sellerie und daraus gewonnene Erzeugnisse, Senf und daraus gewonnene Erzeugnisse, Sesamsamen und daraus gewonnene Erzeugnisse, Sojabohnen und daraus gewonnene Erzeugnisse","Enthält:Milch und daraus gewonnene Erzeugnisse (inkl. Laktose)"]},{"key":"Zubereitung:","value":["Grillen/Braten mit OberhitzeNachdem die Folie und die Verpackung entfernt wurden - in einer heißen Pfanne ungefähr zwei Minuten auf mittlerem Feuer die beiden Seiten erhitzen","Grillen mit indirekter HitzeNachdem die Folie und die Verpackung entfernt wurden - Ca. 5 Minuten in einem bei 180°C vorgeheizten Backofen, Grillposition auf der mittleren Schiene erhitzen.","BackenNachdem die Folie und die Verpackung entfernt wurden - Ca. 10 Minuten in einem bei 180°C vorgeheizten Backofen (konventioneller Ofen) erhitzen.","Grillen/Braten mit OberhitzeNachdem die Folie und die Verpackung entfernt wurden - in einer heißen Pfanne ungefähr zwei Minuten auf mittlerem Feuer die beiden Seiten erhitzen","Grillen mit indirekter HitzeNachdem die Folie und die Verpackung entfernt wurden - Ca. 5 Minuten in einem bei 180°C vorgeheizten Backofen, Grillposition auf der mittleren Schiene erhitzen.","BackenNachdem die Folie und die Verpackung entfernt wurden - Ca. 10 Minuten in einem bei 180°C vorgeheizten Backofen (konventioneller Ofen) erhitzen."]},{"key":"Zusatztext:","value":["Nicht in der Mikrowelle aufwärmen."]},{"key":"Ursprungsland/Herkunftsort:","value":["Frankreich"]},{"key":"Kontakt:","value":["Chèvréchard Valcrest","69700 Givors - France"]}],"nutritions":[{"key":"","value":"Unzubereitet"},{"key":"Energie","value":"1195 kJ | 288 kcal"},{"key":"Fett","value":"24 g"},{"key":"Fett, davon gesättigte Fettsäuren","value":"15 g"},{"key":"Kohlenhydrate","value":"2,6 g"},{"key":"Kohlenhydrate, davon Zucker","value":"1 g"},{"key":"Eiweiß","value":"15 g"},{"key":"Salz","value":"1,8 g"}],"tags":["Gekühlt","Glutenfrei"]},
    {"url":"https://www.interspar.at/shop/lebensmittel/p/2020000753797","data":[{"key":"price","value":"1,49 €"},{"key":"oldPrice","value":"\n\t\t\t\t\t\n\t\t\t\t\t \n\t\t\t\t"},{"key":"pricePerUnit","value":"(18.63 €/kg)"},{"key":"productDetailsName","value":"SPAR PREMIUM - Cheese Cake Mango - 80 G"},{"key":"detailsDescription","value":"80 G"},{"key":"articleNumber","value":"Artikelnummer: 2020000753797"},{"key":"Lagerhinweis:","value":["Vor und nach dem Öffnen gekühlt lagern."]},{"key":"Zutaten:","value":["Zutaten: MILCH 16%, Zucker, Ricotta (Molkenkäse) 14% (MOLKE, Säureregulator: Citronensäure), Obers (MILCH, Stabilisatoren: Guarkernmehl, Carrageen), Kokosfett teilweise gehärtet, Mangopüree 6%, Maltodextrin, Reismehl, EIER, Maisstärke, Dextrose, Verdickungsmittel: Xanthan, Pektine, Gelatine, Emulgator: Mono- und Diglyceride von Speisefettsäuren, Ananaspaste (Fruktosesirup, Ananassaftkonzentrat, Säuerungsmittel: Citronensäure, Verdickungsmittel: Pektine), Säureregulator: Citronensäure, Backtriebmittel: Dinatriumdiphosphat, Natriumhydrogencarbonat, Kartoffelstärke, Erbsenfaser, Alkohol. In Großbuchstaben angegebene Zutaten enthalten allergene Inhaltsstoffe."]},{"key":"Allergene:","value":["Kann Spuren enthalten von:Erdnüsse und daraus gewonnene Erzeugnisse, Schalenfrüchte und daraus gewonnene Erzeugnisse, Sojabohnen und daraus gewonnene Erzeugnisse","Enthält:Eier und daraus gewonnene Erzeugnisse, Milch und daraus gewonnene Erzeugnisse (inkl. Laktose)"]},{"key":"Identitätskennzeichen:","value":["IT 1838 CE"]},{"key":"Zusatztext:","value":["mit Ricotta"]},{"key":"Ursprungsland/Herkunftsort:","value":["aus Italien"]},{"key":"Kontakt:","value":["SPAR Österr. Warenhandels-AG","Europastraße 3, 5015 Salzburg, Österreich"]}],"nutritions":[{"key":"","value":"Unzubereitet"},{"key":" ","value":"100 g"},{"key":"Energie","value":"1209 kJ | 289 kcal"},{"key":"Fett","value":"13 g"},{"key":"Fett, davon gesättigte Fettsäuren","value":"12 g"},{"key":"Kohlenhydrate","value":"38,4 g"},{"key":"Kohlenhydrate, davon Zucker","value":"19 g"},{"key":"Ballaststoffe","value":"0,9 g"},{"key":"Eiweiß","value":"3,8 g"},{"key":"Salz","value":"0,11 g"}],"tags":["immer Billig"]},
    {"url":"https://www.interspar.at/shop/lebensmittel/p/2020000790068","data":[{"key":"price","value":"2,49 €"},{"key":"oldPrice","value":"\n\t\t\t\t\t\n\t\t\t\t\t \n\t\t\t\t"},{"key":"pricePerUnit","value":"(13.83 €/kg)"},{"key":"productDetailsName","value":"SPAR PREMIUM - Moelleux au Chocolat 2 Stück - 180 G"},{"key":"detailsDescription","value":"180 G"},{"key":"articleNumber","value":"Artikelnummer: 2020000790068"},{"key":"Lagerhinweis:","value":["Vor dem Öffnen gekühlt lagern. Nach dem Öffnen sofort genießen.Dieser Artikel ist aufgetaut. Aufgetaute Ware nicht wieder einfrieren."]},{"key":"Zutaten:","value":["Zutaten: gezuckertes Flüssigei (50% EI, 50% Zucker), dunkle Schokolade 22%* (Kakaomasse, Zucker, fettarmes Kakaopulver, Emulgator: Lecithine (SOJA); natürliches Vanillearoma), Wasser, BUTTER, pflanzliche Öle (Sonnenblumen 50%, Raps 50%), WEIZENMEHL, VOLLMILCHPULVER, Kakaopulver. *bezogen auf die Gesamteinwaage. In Großbuchstaben angegebene Zutaten enthalten allergene Inhaltsstoffe."]},{"key":"Allergene:","value":["Kann Spuren enthalten von:Schalenfrüchte und daraus gewonnene Erzeugnisse","Enthält:Eier und daraus gewonnene Erzeugnisse, Glutenhaltiges Getreide und daraus hergestellte Erzeugnisse, Milch und daraus gewonnene Erzeugnisse (inkl. Laktose), Sojabohnen und daraus gewonnene Erzeugnisse"]},{"key":"Zubereitung:","value":["Zubereitung in der MikrowelleDie Papierschale entfernen und 20-30 Sekunden aufwärmen (800-900W).","BackenDie Papierschale entfernen und 9-10 Minuten bei 200°C aufwärmen."]},{"key":"Zusatztext:","value":["Schokolade, Kakaopulver nach Fairtrade-Standards gehandelt (mit Mengenausgleich). Gesamtanteil 24%. Durch faire Handelsbedingungen können Kleinbauern und Arbeiter in den Anbauländern in eine nachhaltige Zukunft investieren. Mehr auf www.fairtrade.at"]},{"key":"Ursprungsland/Herkunftsort:","value":["aus Belgien"]},{"key":"Kontakt:","value":["SPAR Österr. Warenhandels-AG","Europastraße 3, 5015 Salzburg, Österreich","office@spar.at"]}],"nutritions":[{"key":"","value":"Unzubereitet"},{"key":" ","value":"100 g"},{"key":"Energie","value":"1603 kJ | 384 kcal"},{"key":"Fett","value":"21 g"},{"key":"Fett, davon gesättigte Fettsäuren","value":"9,4 g"},{"key":"Kohlenhydrate","value":"40 g"},{"key":"Kohlenhydrate, davon Zucker","value":"35 g"},{"key":"Ballaststoffe","value":"3,4 g"},{"key":"Eiweiß","value":"6,5 g"},{"key":"Salz","value":"0,1 g"},{"key":"Broteinheiten","value":"3,3 BE"}],"tags":[]},
    {"url":"https://www.interspar.at/shop/lebensmittel/p/2020001551934","data":[{"key":"price","value":"2,49 €"},{"key":"oldPrice","value":"\n\t\t\t\t\t\n\t\t\t\t\t \n\t\t\t\t"},{"key":"pricePerUnit","value":"(13.83 €/kg)"},{"key":"productDetailsName","value":"SPAR PREMIUM - Moelleux Au Chocolat & Caramel Salé 2 x 90g - 180 G"},{"key":"detailsDescription","value":"180 G"},{"key":"articleNumber","value":"Artikelnummer: 2020001551934"},{"key":"Lagerhinweis:","value":["Vor dem Öffnen gekühlt lagern. Nach dem Öffnen sofort genießen."]},{"key":"Zutaten:","value":["Zutaten: HÜHNEREI, Zucker, dunkle Schokolade 19% (Kakaomasse, Zucker, fettarmes Kakaopulver, Emulgator: Lecithine (SOJA), natürliches Vanillearoma), WEIZENMEHL, BUTTER, pflanzliches Öl (Raps, Sonnenblume), Karamellfüllung 3,8% (Glucosesirup, gezuckerte Kondensmilch (MAGERMILCH, Zucker), Kokosfett ganz gehärtet, Speisesalz unjodiert, Aroma, Emulgator: Mono- und Diglyceride von Speisefettsäuren), VOLLMILCHPULVER, Kakaopulver, Meersalz 0,1%, natürliches Aroma. In Großbuchstaben angegebene Zutaten enthalten allergene Inhaltsstoffe."]},{"key":"Allergene:","value":["Kann Spuren enthalten von:Schalenfrüchte und daraus gewonnene Erzeugnisse","Enthält:Eier und daraus gewonnene Erzeugnisse, Glutenhaltiges Getreide und daraus hergestellte Erzeugnisse, Milch und daraus gewonnene Erzeugnisse (inkl. Laktose), Sojabohnen und daraus gewonnene Erzeugnisse"]},{"key":"Zubereitung:","value":["BackenIm vorgewärmten Backrohr: Die Papierschale entfernen und 9 - 10 Minuten bei 200°C aufwärmen.","Zubereitung in der MikrowelleIn der Mikrowelle:Die Papierschale entfernen und 20 - 30 Sekunden aufwärmen (800 - 900W)."]},{"key":"Ursprungsland/Herkunftsort:","value":["Aus Belgien"]},{"key":"Verwendungshinweis:","value":["Dieser Artikel ist aufgetaut. Aufgetaute Ware nicht wieder einfrieren."]},{"key":"Kontakt:","value":["SPAR Österr. Warenhandels-AG","Europastraße 3, 5015 Salzburg, Österreich","office@spar.at"]}],"nutritions":[{"key":"","value":"Unzubereitet"},{"key":" ","value":"100 g"},{"key":"Energie","value":"1633 kJ | 391 kcal"},{"key":"Fett","value":"22 g"},{"key":"Fett, davon gesättigte Fettsäuren","value":"8,8 g"},{"key":"Kohlenhydrate","value":"42 g"},{"key":"Kohlenhydrate, davon Zucker","value":"33 g"},{"key":"Ballaststoffe","value":"3 g"},{"key":"Eiweiß","value":"6,2 g"},{"key":"Salz","value":"0,26 g"},{"key":"Broteinheiten","value":"3,5 BE"}],"tags":[]},
    {"url":"https://www.interspar.at/shop/lebensmittel/p/2437804","data":[{"key":"price","value":"1,99 €"},{"key":"oldPrice","value":"\n\t\t\t\t\t\n\t\t\t\t\t \n\t\t\t\t"},{"key":"pricePerUnit","value":"(9.95 €/kg)"},{"key":"productDetailsName","value":"SPAR PREMIUM - Crème brûlée 2 x 100g - 200 G"},{"key":"detailsDescription","value":"200 G"},{"key":"articleNumber","value":"Artikelnummer: 2437804"},{"key":"Lagerhinweis:","value":["Gekühlt lagern bei max. +8°C."]},{"key":"Zutaten:","value":["Zutaten: Crème brûlée (MILCH 39%, SAHNE 21%, EIER 15%, Glukosesirup, Zucker, Kokosfett, MILCHEIWEISS, natürliches Vanillearoma, LAKTOSE), Zuckermischung (Karamell, heller Rohrzucker). In Großbuchstaben angegebene Zutaten enthalten allergene Inhaltsstoffe."]},{"key":"Allergene:","value":["Enthält:Eier und daraus gewonnene Erzeugnisse, Milch und daraus gewonnene Erzeugnisse (inkl. Laktose)"]},{"key":"Zubereitung:","value":["VerzehrfertigDie beigepackte Zuckermischung auf der Crème brûlèe gleichmäßig verteilen. 1-2 Minuten stehen lassen (max. 5 Minuten) und genießen."]},{"key":"Identitätskennzeichen:","value":["FR 46.029.001 CE"]},{"key":"Ursprungsland/Herkunftsort:","value":["Sorgfältig hergestellt in Frankreich"]},{"key":"Kontakt:","value":["SPAR Österr. Warenhandels-AG","Europastraße 3, 5015 Salzburg, Österreich"]}],"nutritions":[{"key":"","value":"Unzubereitet"},{"key":" ","value":"100 g"},{"key":"Energie","value":"948 kJ | 226 kcal"},{"key":"Fett","value":"11,6 g"},{"key":"Fett, davon gesättigte Fettsäuren","value":"7,4 g"},{"key":"Kohlenhydrate","value":"25,8 g"},{"key":"Kohlenhydrate, davon Zucker","value":"18,6 g"},{"key":"Ballaststoffe","value":"0 g"},{"key":"Eiweiß","value":"4,7 g"},{"key":"Salz","value":"0,13 g"},{"key":"Broteinheiten","value":"2,15 BE"}],"tags":[]},
    {"url":"https://www.interspar.at/shop/lebensmittel/p/5604906","data":[{"key":"price","value":"1,49 €"},{"key":"oldPrice","value":"\n\t\t\t\t\t\n\t\t\t\t\t \n\t\t\t\t"},{"key":"pricePerUnit","value":"(16.56 €/kg)"},{"key":"productDetailsName","value":"SPAR PREMIUM - Mousse au Chocolat - 90 G"},{"key":"detailsDescription","value":"90 G"},{"key":"articleNumber","value":"Artikelnummer: 5604906"},{"key":"Lagerhinweis:","value":["Vor und nach dem Öffnen gekühlt lagern."]},{"key":"Zutaten:","value":["Zutaten: Mousse (Wasser, pflanzliches Öl [Palm], Glukosesirup, Dextrose, VOLLEI 8%, Maltodextrin, MILCHEIWEISS 6%, Bitterschokolade 2% (Kakao, Glukose, Zucker, Kakaobutter), Maisstärke, Rum 1%, Geliermittel: Carrageen, Emulgatoren: Mono- und Diglyceride von Speisefettsäuren, Säuerungsmittel: Citronensäure). Schokosauce (Bitterschokolade 9% (Glukosesirup, Kakao, Wasser, Zucker, Maisstärke), Säuerungsmittel: Weinsäure, Konservierungsstoff: Kaliumsorbat). In Großbuchstaben angegebene Zutaten enthalten allergene Inhaltsstoffe."]},{"key":"Allergene:","value":["Enthält:Eier und daraus gewonnene Erzeugnisse, Milch und daraus gewonnene Erzeugnisse (inkl. Laktose)"]},{"key":"Zusatztext:","value":["doppio cioccolato"]},{"key":"Ursprungsland/Herkunftsort:","value":["Sorgfältig hergestellt in Italien"]},{"key":"Kontakt:","value":["SPAR Österr. Warenhandels-AG","Europastraße 3, 5015 Salzburg, Österreich"]}],"nutritions":[{"key":"","value":"Unzubereitet"},{"key":" ","value":"100 g"},{"key":"Energie","value":"1480 kJ | 354 kcal"},{"key":"Fett","value":"19 g"},{"key":"Fett, davon gesättigte Fettsäuren","value":"11 g"},{"key":"Kohlenhydrate","value":"42 g"},{"key":"Kohlenhydrate, davon Zucker","value":"19 g"},{"key":"Ballaststoffe","value":"0,9 g"},{"key":"Eiweiß","value":"3,3 g"},{"key":"Salz","value":"0,11 g"},{"key":"Broteinheiten","value":"3,5 BE"}],"tags":["immer Billig"]},
    {"url":"https://www.interspar.at/shop/lebensmittel/p/5605323","data":[{"key":"price","value":"1,49 €"},{"key":"oldPrice","value":"\n\t\t\t\t\t\n\t\t\t\t\t \n\t\t\t\t"},{"key":"pricePerUnit","value":"(16.56 €/kg)"},{"key":"productDetailsName","value":"SPAR PREMIUM - Weisses Mousse au Chocolat - 90 G"},{"key":"detailsDescription","value":"90 G"},{"key":"articleNumber","value":"Artikelnummer: 5605323"},{"key":"Lagerhinweis:","value":["Vor und nach dem Öffnen gekühlt lagern."]},{"key":"Zutaten:","value":["Zutaten: Mousse (Wasser, pflanzliches Öl (Palm), Glukosesirup, Dextrose, Mascarpone 7% (MILCH, Säuerungsmittel: Citronensäure), MILCHEIWEISS 7%, Maltodextrin, MAGERMILCHPULVER 4%, Likör 1%, Maisstärke, OBERS, Ethylalkohol, Geliermittel: Carrageen, Emulgatoren: Mono- und Diglyceridevon Speisefettsäuren), Makronen mit Marillenkernen (Marillenkerne, HÜHNEREI-EIWEIWEISSPULVER, MILCHEIWEISS, Säureregulator: Natriumbicarbonat).In Großbuchstaben angegebene Zutaten enthalten allergene Inhaltsstoffe."]},{"key":"Allergene:","value":["Enthält:Eier und daraus gewonnene Erzeugnisse, Milch und daraus gewonnene Erzeugnisse (inkl. Laktose)"]},{"key":"Ursprungsland/Herkunftsort:","value":["aus Italien"]},{"key":"Kontakt:","value":["SPAR Österr. Warenhandels-AG","Europastraße 3, 5015 Salzburg, Österreich"]}],"nutritions":[{"key":"","value":"Unzubereitet"},{"key":" ","value":"100 g"},{"key":"Energie","value":"1475 kJ | 353 kcal"},{"key":"Fett","value":"19 g"},{"key":"Fett, davon gesättigte Fettsäuren","value":"12 g"},{"key":"Kohlenhydrate","value":"42 g"},{"key":"Kohlenhydrate, davon Zucker","value":"19 g"},{"key":"Ballaststoffe","value":"0,9 g"},{"key":"Eiweiß","value":"3 g"},{"key":"Salz","value":"0,11 g"},{"key":"Broteinheiten","value":"3,5 BE"}],"tags":["immer Billig"]},
    {"url":"https://www.interspar.at/shop/lebensmittel/p/3573617","data":[{"key":"price","value":"0,49 €"},{"key":"oldPrice","value":"\n\t\t\t\t\t\n\t\t\t\t\t \n\t\t\t\t"},{"key":"pricePerUnit","value":"(2.45 €/kg)"},{"key":"productDetailsName","value":"SPAR Natur*pur - Bio-Naturjoghurt 1% Fett aus Wiesenmilch - 200 G"},{"key":"detailsDescription","value":"200 G"},{"key":"articleNumber","value":"Artikelnummer: 3573617"},{"key":"Lagerhinweis:","value":["Vor und nach dem Öffnen gekühlt lagern. Nach dem Öffnen innerhalb von 2-4 Tagen aufbrauchen!"]},{"key":"Zutaten:","value":["Zutaten: MILCH*, MILCHEIWEISS*. *aus biologischer Landwirtschaft. In Großbuchstaben angegebene Zutaten enthalten allergene Inhaltsstoffe."]},{"key":"Allergene:","value":["Enthält:Milch und daraus gewonnene Erzeugnisse (inkl. Laktose)"]},{"key":"Bio-Kontrollstelle:","value":["AT-BIO-301"]},{"key":"Ökoherkunft:","value":["Österreich-Landwirtschaft"]},{"key":"Identitätskennzeichen:","value":["AT 20130 EG"]},{"key":"Ursprungsland/Herkunftsort:","value":["Qualität aus Österreich"]},{"key":"Verbrauchen nach dem Öffnen:","value":["2 Tage"]},{"key":"Kontakt:","value":["SPAR Österr. Warenhandels-AG","Europastraße 3, 5015 Salzburg, Österreich"]}],"nutritions":[{"key":"","value":"Unzubereitet"},{"key":" ","value":"100 g"},{"key":"Energie","value":"194 kJ | 46 kcal"},{"key":"Fett","value":"1 g"},{"key":"Fett, davon gesättigte Fettsäuren","value":"0,6 g"},{"key":"Kohlenhydrate","value":"4,5 g"},{"key":"Kohlenhydrate, davon Zucker","value":"4,5 g"},{"key":"Ballaststoffe","value":"0 g"},{"key":"Eiweiß","value":"4,2 g"},{"key":"Salz","value":"0,15 g"},{"key":"Broteinheiten","value":"0,4 BE"}],"tags":["Bio"]},
    {"url":"https://www.interspar.at/shop/lebensmittel/p/5343867","data":[{"key":"price","value":"0,78 €"},{"key":"oldPrice","value":"\n\t\t\t\t\t\n\t\t\t\t\t \n\t\t\t\t"},{"key":"pricePerUnit","value":"(1.95 €/kg)"},{"key":"productDetailsName","value":"SPAR Natur*pur - Bio-Naturjogurt 0,1% Fett aus Wiesenmilch - 400 G"},{"key":"detailsDescription","value":"400 G"},{"key":"articleNumber","value":"Artikelnummer: 5343867"},{"key":"Lagerhinweis:","value":["Vor und nach dem Öffnen gekühlt lagern. Nach dem Öffnen innerhalb von 2-4 Tagen aufbrauchen!"]},{"key":"Zutaten:","value":["Zutaten: MILCH*, MILCHEIWEISS*. *aus biologischer Landwirtschaft. In Großbuchstaben angegebene Zutaten enthalten allergene Inhaltsstoffe."]},{"key":"Allergene:","value":["Enthält:Milch und daraus gewonnene Erzeugnisse (inkl. Laktose)"]},{"key":"Bio-Kontrollstelle:","value":["AT-BIO-301"]},{"key":"Ökoherkunft:","value":["Österreich-Landwirtschaft"]},{"key":"Identitätskennzeichen:","value":["AT 20130 EG"]},{"key":"Ursprungsland/Herkunftsort:","value":["Qualität aus Österreich"]},{"key":"Verbrauchen nach dem Öffnen:","value":["2 Tage"]},{"key":"Kontakt:","value":["SPAR Österr. Warenhandels-AG","Europastraße 3, 5015 Salzburg, Österreich"]}],"nutritions":[{"key":"","value":"Unzubereitet"},{"key":" ","value":"100 g"},{"key":"Energie","value":"171 kJ | 40 kcal"},{"key":"Fett","value":"0,1 g"},{"key":"Fett, davon gesättigte Fettsäuren","value":"< 0,1 g"},{"key":"Kohlenhydrate","value":"4,7 g"},{"key":"Kohlenhydrate, davon Zucker","value":"4,7 g"},{"key":"Ballaststoffe","value":"0 g"},{"key":"Eiweiß","value":"4,6 g"},{"key":"Salz","value":"0,15 g"},{"key":"Broteinheiten","value":"0,4 BE"}],"tags":["Bio","immer Billig"]},
    {"url":"https://www.interspar.at/shop/lebensmittel/p/2020000753865","data":[{"key":"price","value":"1,49 €"},{"key":"oldPrice","value":"\n\t\t\t\t\t\n\t\t\t\t\t \n\t\t\t\t"},{"key":"pricePerUnit","value":"(18.63 €/kg)"},{"key":"productDetailsName","value":"SPAR PREMIUM - Cheese Cake Himbeere - 80 G"},{"key":"detailsDescription","value":"80 G"},{"key":"articleNumber","value":"Artikelnummer: 2020000753865"},{"key":"Lagerhinweis:","value":["Vor und nach dem Öffnen gekühlt lagern."]},{"key":"Zutaten:","value":["Zutaten: MILCH 16%, Zucker, Ricotta (Molkenkäse) 14% (MOLKE, Säureregulator: Citronensäure), Obers (MILCH, Stabilisatoren: Guarkernmehl, Carrageen), Kokosfett teilweise gehärtet, Himbeerpüree 6%, Maltodextrin, Reismehl, EIER, Maisstärke, Dextrose, Verdickungsmittel: Xanthan, Pektine, Gelatine, Emulgator: Mono- und Diglyceride von Speisefettsäuren, Fruktosesirup, Säureregulator: Citronensäure, Verdickungsmittel: Pektine, Backtriebmittel: Dinatriumdiphosphat, Natriumhydrogencarbonat, Kartoffelstärke, Erbsenfaser, Alkohol. In Großbuchstaben angegebene Zutaten enthalten allergene Inhaltsstoffe."]},{"key":"Allergene:","value":["Kann Spuren enthalten von:Erdnüsse und daraus gewonnene Erzeugnisse, Schalenfrüchte und daraus gewonnene Erzeugnisse, Sojabohnen und daraus gewonnene Erzeugnisse","Enthält:Eier und daraus gewonnene Erzeugnisse, Milch und daraus gewonnene Erzeugnisse (inkl. Laktose)"]},{"key":"Identitätskennzeichen:","value":["IT 1838 CE"]},{"key":"Zusatztext:","value":["mit Ricotta"]},{"key":"Ursprungsland/Herkunftsort:","value":["aus Italien"]},{"key":"Kontakt:","value":["SPAR Österr. Warenhandels-AG","Europastraße 3, 5015 Salzburg, Österreich"]}],"nutritions":[{"key":"","value":"Unzubereitet"},{"key":" ","value":"100 g"},{"key":"Energie","value":"1270 kJ | 303 kcal"},{"key":"Fett","value":"14 g"},{"key":"Fett, davon gesättigte Fettsäuren","value":"11 g"},{"key":"Kohlenhydrate","value":"40 g"},{"key":"Kohlenhydrate, davon Zucker","value":"20 g"},{"key":"Ballaststoffe","value":"0,9 g"},{"key":"Eiweiß","value":"3,8 g"},{"key":"Salz","value":"0,11 g"}],"tags":["immer Billig"]},
    {"url":"https://www.interspar.at/shop/lebensmittel/p/2149851","data":[{"key":"price","value":"3,19 €"},{"key":"oldPrice","value":"\n\t\t\t\t\t\n\t\t\t\t\t \n\t\t\t\t"},{"key":"pricePerUnit","value":"(0.53 €/Stück)"},{"key":"productDetailsName","value":"SPAR Natur*pur - Bio-Freilandeier Größe L - 6 STK"},{"key":"detailsDescription","value":"6 STK"},{"key":"articleNumber","value":"Artikelnummer: 2149851"},{"key":"Lagerhinweis:","value":["Nach dem Kauf bei Kühlschranktemperatur aufbewahren."]},{"key":"Zutaten:","value":["Zutaten: HÜHNEREIER aus biologischer Landwirtschaft. In Großbuchstaben angegebene Zutaten enthalten allergene Inhaltsstoffe."]},{"key":"Allergene:","value":["Enthält:Eier und daraus gewonnene Erzeugnisse"]},{"key":"Ökoherkunft:","value":["Österreich-Landwirtschaft"]},{"key":"Zusatztext:","value":["Die Packstellennummer entnehmen Sie dem Sticker auf der Verpackung.Die Bio-Kontrollstelle entnehmen Sie bitte der Verpackung.Kontrolliert durch AT-BIO-301Das steht auf dem Bio-Ei: Haltungsform - Erzeugerland - LegebetriebHaltungsform: 0 = Biologische Landwirtschaft1 = Freilandhaltung2 = Bodenhaltung3 = KäfighaltungErzeugerland:AT = ÖsterreichLegebetrieb:Registrierte Nummer des Legebetriebs"]},{"key":"Ursprungsland/Herkunftsort:","value":["aus Österreich"]},{"key":"Verwendungshinweis:","value":["Nach Ablauf des Mindesthaltbarkeitsdatums durcherhitzen. Bitte beachten Sie die Regeln der guten Küchenhygiene (siehe Innenseite der Verpackung)."]},{"key":"Kontakt:","value":["SPAR Österr. Warenhandels-AG","Europastraße 3, 5015 Salzburg, Österreich"]}],"nutritions":[],"tags":["Bio","Glutenfrei","Lactosefrei"]},
    {"url":"https://www.interspar.at/shop/lebensmittel/p/2149912","data":[{"key":"price","value":"2,99 €"},{"key":"oldPrice","value":"\n\t\t\t\t\t\n\t\t\t\t\t \n\t\t\t\t"},{"key":"pricePerUnit","value":"(0.50 €/Stück)"},{"key":"productDetailsName","value":"SPAR Natur*pur - Bio-Freilandeier Größe M - 6 STK"},{"key":"detailsDescription","value":"6 STK"},{"key":"articleNumber","value":"Artikelnummer: 2149912"},{"key":"Lagerhinweis:","value":["Nach dem Kauf bei Kühlschranktemperatur aufbewahren."]},{"key":"Zutaten:","value":["Zutaten: HÜHNEREIER aus biologischer Landwirtschaft. In Großbuchstaben angegebene Zutaten enthalten allergene Inhaltsstoffe."]},{"key":"Allergene:","value":["Enthält:Eier und daraus gewonnene Erzeugnisse"]},{"key":"Ökoherkunft:","value":["Österreich-Landwirtschaft"]},{"key":"Zusatztext:","value":["Die Packstellennummer entnehmen Sie dem Sticker auf der Verpackung.Die Bio-Kontrollstelle entnehmen Sie bitte der Verpackung.Kontrolliert durch AT-BIO-301Das steht auf dem Bio-Ei: Haltungsform - Erzeugerland - LegebetriebHaltungsform: 0 = Biologische Landwirtschaft1 = Freilandhaltung2 = Bodenhaltung3 = KäfighaltungErzeugerland:AT = ÖsterreichLegebetrieb:Registrierte Nummer des Legebetriebs"]},{"key":"Ursprungsland/Herkunftsort:","value":["aus Österreich"]},{"key":"Verwendungshinweis:","value":["Nach Ablauf des Mindesthaltbarkeitsdatums durcherhitzen. Bitte beachten Sie die Regeln der guten Küchenhygiene (siehe Innenseite der Verpackung)."]},{"key":"Kontakt:","value":["SPAR Österr. Warenhandels-AG","Europastraße 3, 5015 Salzburg, Österreich"]}],"nutritions":[],"tags":["Bio","Glutenfrei","Lactosefrei"]},
    {"url":"https://www.interspar.at/shop/lebensmittel/p/2149998","data":[{"key":"price","value":"3,29 €"},{"key":"oldPrice","value":"\n\t\t\t\t\t\n\t\t\t\t\t \n\t\t\t\t"},{"key":"pricePerUnit","value":"(0.55 €/Stück)"},{"key":"productDetailsName","value":"SPAR Natur*pur - Bio-Freilandeier Größe XL - 6 STK"},{"key":"detailsDescription","value":"6 STK"},{"key":"articleNumber","value":"Artikelnummer: 2149998"},{"key":"Lagerhinweis:","value":["Nach dem Kauf bei Kühlschranktemperatur aufbewahren."]},{"key":"Zutaten:","value":["Zutaten: HÜHNEREIER aus biologischer Landwirtschaft. In Großbuchstaben angegebene Zutaten enthalten allergene Inhaltsstoffe."]},{"key":"Allergene:","value":["Enthält:Eier und daraus gewonnene Erzeugnisse"]},{"key":"Ökoherkunft:","value":["Österreich-Landwirtschaft"]},{"key":"Zusatztext:","value":["Die Packstellennummer entnehmen Sie dem Sticker auf der Verpackung.Die Bio-Kontrollstelle entnehmen Sie bitte der Verpackung.Kontrolliert durch AT-BIO-301Das steht auf dem Bio-Ei: Haltungsform - Erzeugerland - LegebetriebHaltungsform: 0 = Biologische Landwirtschaft1 = Freilandhaltung2 = Bodenhaltung3 = KäfighaltungErzeugerland:AT = ÖsterreichLegebetrieb:Registrierte Nummer des Legebetriebs"]},{"key":"Ursprungsland/Herkunftsort:","value":["aus Österreich"]},{"key":"Verwendungshinweis:","value":["Nach Ablauf des Mindesthaltbarkeitsdatums durcherhitzen. Bitte beachten Sie die Regeln der guten Küchenhygiene (siehe Innenseite der Verpackung)."]},{"key":"Kontakt:","value":["SPAR Österr. Warenhandels-AG","Europastraße 3, 5015 Salzburg, Österreich"]}],"nutritions":[],"tags":["Bio","Glutenfrei","Lactosefrei"]},
    {"url":"https://www.interspar.at/shop/lebensmittel/p/2150499","data":[{"key":"price","value":"3,69 €"},{"key":"oldPrice","value":"\n\t\t\t\t\t\n\t\t\t\t\t \n\t\t\t\t"},{"key":"pricePerUnit","value":"(0.37 €/Stück)"},{"key":"productDetailsName","value":"SPAR Natur*pur - Bio-Freilandeier Größe M - 10 STK"},{"key":"detailsDescription","value":"10 STK"},{"key":"articleNumber","value":"Artikelnummer: 2150499"},{"key":"Lagerhinweis:","value":["Nach dem Kauf bei Kühlschranktemperatur aufbewahren."]},{"key":"Zutaten:","value":["Zutaten: HÜHNEREIER. In Großbuchstaben angegebene Zutaten enthalten allergene Inhaltsstoffe."]},{"key":"Allergene:","value":["Enthält:Eier und daraus gewonnene Erzeugnisse"]},{"key":"Ökoherkunft:","value":["Österreich-Landwirtschaft"]},{"key":"Zusatztext:","value":["Die Packstellennummer entnehmen Sie dem Sticker auf der Verpackung.Die Bio-Kontrollstelle entnehmen Sie bitte der Verpackung."]},{"key":"Ursprungsland/Herkunftsort:","value":["aus Österreich"]},{"key":"Verwendungshinweis:","value":["Nach Ablauf des Mindesthaltbarkeitsdatums durcherhitzen. Bitte beachten Sie die Regeln der guten Küchenhygiene (siehe Innenseite der Verpackung)."]},{"key":"Kontakt:","value":["SPAR Österr. Warenhandels-AG","Europastraße 3, 5015 Salzburg, Österreich"]}],"nutritions":[],"tags":["Bio","Glutenfrei","Lactosefrei","immer Billig"]},
    {"url":"https://www.interspar.at/shop/lebensmittel/p/2020001352951","data":[{"key":"price","value":"0,75 €"},{"key":"oldPrice","value":"\n\t\t\t\t\t\n\t\t\t\t\t \n\t\t\t\t"},{"key":"pricePerUnit","value":"(3.75 €/kg)"},{"key":"productDetailsName","value":"NÖM Fru Fru - gerührte Vanille-Sauermilch Punschkrapfen - 200 G"},{"key":"detailsDescription","value":"200 G"},{"key":"articleNumber","value":"Artikelnummer: 2020001352951"},{"key":"Lagerhinweis:","value":["gekühlt (3-9°C) lagern."]},{"key":"Zutaten:","value":["Zutaten: SAUERMILCH**, Wasser, Zucker, Glukose-Fruktosesirup, 2,8% Orangensaft aus Orangensaftkonzentrat, 2,6% Marillensaft aus Marillensaftkonzentrat, 1,5% Biskuitpulver (WEIZENMEHL, EI, Zucker, Honig), modifizierte Stärke, Stabilisator: Pektine, färbende Frucht- und Pflanzenkonzentrate (Rote Beete, Karotte), Bourbon Vanilleschotenextrakt, Farbstoff: Carotin, natürliches Rumaroma, Aroma. **aus gentechnikfreier Milch laut Definition des Österreichischen Lebensmittelcodex für gentechnikfreie Produktion; Kontrolle durch agroVet GmbH. In Großbuchstaben angegebene Zutaten enthalten allergene Inhaltstoffe."]},{"key":"Allergene:","value":["Enthält:Eier und daraus gewonnene Erzeugnisse, Glutenhaltiges Getreide und daraus hergestellte Erzeugnisse, Milch und daraus gewonnene Erzeugnisse (inkl. Laktose)"]},{"key":"Identitätskennzeichen:","value":["AT 30960 EG"]},{"key":"Kontakt:","value":["NÖM AG","Vöslauer Straße 109, 2500 Baden, Austria","0800 800 500","www.noem.at"]}],"nutritions":[{"key":" ","value":"100 g"},{"key":"","value":"Unzubereitet"},{"key":"Energie","value":"441 kJ | 104 kcal | 5 %"},{"key":"Fett","value":"2,4 g | 3 %"},{"key":"Fett, davon gesättigte Fettsäuren","value":"1,4 g | 7 %"},{"key":"Kohlenhydrate","value":"17,1 g | 7 %"},{"key":"Kohlenhydrate, davon Zucker","value":"14,9 g | 17 %"},{"key":"Eiweiß","value":"3,1 g | 6 %"},{"key":"Salz","value":"0,1 g | 2 %"},{"key":" ","value":"Portion (200 g)"},{"key":"","value":"Unzubereitet"},{"key":"Energie","value":"882 kJ | 208 kcal"},{"key":"Fett","value":"4,8 g"},{"key":"Fett, davon gesättigte Fettsäuren","value":"2,8 g"},{"key":"Kohlenhydrate","value":"34,2 g"},{"key":"Kohlenhydrate, davon Zucker","value":"29,8 g"},{"key":"Eiweiß","value":"6,2 g"},{"key":"Salz","value":"0,2 g"}],"tags":[]},
    {"url":"https://www.interspar.at/shop/lebensmittel/p/5303861","data":[{"key":"price","value":"0,75 €"},{"key":"oldPrice","value":"\n\t\t\t\t\t\n\t\t\t\t\t \n\t\t\t\t"},{"key":"pricePerUnit","value":"(3.75 €/kg)"},{"key":"productDetailsName","value":"NÖM Fru Fru - Erdbeer - 200 G"},{"key":"detailsDescription","value":"200 G"},{"key":"articleNumber","value":"Artikelnummer: 5303861"},{"key":"Lagerhinweis:","value":["Gekühlt (+ 3-9°C) lagern."]},{"key":"Zutaten:","value":["Zutaten: SAUERMILCH aus gentechnikfreier Milch*, Zucker, 7% Erdbeeren, Glukose-Fruktosesirup, modifizierte Maisstärke, Karottensaftkonzentrat, Stabilisator: Pektine, Aroma, Säureregulatoren: Natriumcitrate, Calciumcitrate. *laut Definition des Österreichischen Lebensmittelcodex für gentechnikfreie Produktion; Kontrolle durch agroVet GmbH. In Großbuchstaben angegebene Zutaten enthalten allergene Inhaltsstoffe."]},{"key":"Allergene:","value":["Enthält:Milch und daraus gewonnene Erzeugnisse (inkl. Laktose)"]},{"key":"Identitätskennzeichen:","value":["AT 30960 EG"]},{"key":"Kontakt:","value":["NÖM AG","Vöslauer Straße 109, 2500 Baden, Österreich","0800 800 500"]}],"nutritions":[{"key":"","value":"Unzubereitet"},{"key":" ","value":"100 g"},{"key":"Energie","value":"392 kJ | 93 kcal | 5 %"},{"key":"Fett","value":"2,6 g | 4 %"},{"key":"Fett, davon gesättigte Fettsäuren","value":"1,5 g | 8 %"},{"key":"Kohlenhydrate","value":"13,5 g | 5 %"},{"key":"Kohlenhydrate, davon Zucker","value":"12,8 g | 14 %"},{"key":"Eiweiß","value":"3,3 g | 7 %"},{"key":"Salz","value":"0,1 g | 2 %"},{"key":"","value":"Unzubereitet"},{"key":" ","value":"Portion (200 g)"},{"key":"Energie","value":"784 kJ | 186 kcal"},{"key":"Fett","value":"5,2 g"},{"key":"Fett, davon gesättigte Fettsäuren","value":"3 g"},{"key":"Kohlenhydrate","value":"27 g"},{"key":"Kohlenhydrate, davon Zucker","value":"25,6 g"},{"key":"Eiweiß","value":"6,6 g"},{"key":"Salz","value":"0,2 g"}],"tags":[]},
    {"url":"https://www.interspar.at/shop/lebensmittel/p/5303878","data":[{"key":"price","value":"0,75 €"},{"key":"oldPrice","value":"\n\t\t\t\t\t\n\t\t\t\t\t \n\t\t\t\t"},{"key":"pricePerUnit","value":"(3.75 €/kg)"},{"key":"productDetailsName","value":"NÖM Fru Fru - Heidelbeere - 200 G"},{"key":"detailsDescription","value":"200 G"},{"key":"articleNumber","value":"Artikelnummer: 5303878"},{"key":"Lagerhinweis:","value":["Gekühlt (+ 3-9 °C) lagern."]},{"key":"Zutaten:","value":["Zutaten: SAUERMILCH aus gentechnikfreier Milch*, Zucker, 6% Heidelbeeren, Glukose-Fruktosesirup, 1% Heidelbeersaft aus Konzentrat, modifizierte Maisstärke, Stabilisatoren: Pektine, Johannisbrotkernmehl, Guarkernmehl; Aroma, Säuerungsmittel: Citronensäure, Säureregulator: Natriumcitrate. *laut Definition des Österreichischen Lebensmittelcodex für gentechnikfreie Produktion; Kontrolle durch agroVet GmbH. In Großbuchstaben angegebene Zutaten enthalten allergene Inhaltsstoffe."]},{"key":"Allergene:","value":["Enthält:Milch und daraus gewonnene Erzeugnisse (inkl. Laktose)"]},{"key":"Identitätskennzeichen:","value":["AT 30960 EG"]},{"key":"Kontakt:","value":["NÖM AG","Vöslauer Straße 109, 2500 Baden, Österreich","0800 800 500"]}],"nutritions":[{"key":"","value":"Unzubereitet"},{"key":" ","value":"100 g"},{"key":"Energie","value":"395 kJ | 94 kcal | 5 %"},{"key":"Fett","value":"2,6 g | 4 %"},{"key":"Fett, davon gesättigte Fettsäuren","value":"1,5 g | 8 %"},{"key":"Kohlenhydrate","value":"13,6 g | 5 %"},{"key":"Kohlenhydrate, davon Zucker","value":"13 g | 14 %"},{"key":"Eiweiß","value":"3,3 g | 7 %"},{"key":"Salz","value":"0,1 g | 2 %"},{"key":"","value":"Unzubereitet"},{"key":" ","value":"Portion (200 g)"},{"key":"Energie","value":"790 kJ | 188 kcal"},{"key":"Fett","value":"5,2 g"},{"key":"Fett, davon gesättigte Fettsäuren","value":"3 g"},{"key":"Kohlenhydrate","value":"27,2 g"},{"key":"Kohlenhydrate, davon Zucker","value":"26 g"},{"key":"Eiweiß","value":"6,6 g"},{"key":"Salz","value":"0,2 g"}],"tags":[]},
    {"url":"https://www.interspar.at/shop/lebensmittel/p/5303885","data":[{"key":"price","value":"0,75 €"},{"key":"oldPrice","value":"\n\t\t\t\t\t\n\t\t\t\t\t \n\t\t\t\t"},{"key":"pricePerUnit","value":"(3.75 €/kg)"},{"key":"productDetailsName","value":"NÖM Fru Fru - Kirsche - 200 G"},{"key":"detailsDescription","value":"200 G"},{"key":"articleNumber","value":"Artikelnummer: 5303885"},{"key":"Lagerhinweis:","value":["Gekühlt (+ 3-9 °C) lagern."]},{"key":"Zutaten:","value":["Zutaten: SAUERMILCH aus gentechnikfreier Milch*, 7% Kirschen, Zucker, Glukose-Fruktosesirup, modifizierte Maisstärke, Stabilisatoren: Pektine, Johannisbrotkernmehl, Guarkernmehl; Aroma, Säuerungsmittel: Äpfelsäure, Säureregulator: Natriumcitrate. *laut Definition des Österreichischen Lebensmittelcodex für gentechnikfreie Produktion; Kontrolle durch agroVet GmbH. In Großbuchstaben angegebene Zutaten enthalten allergene Inhaltsstoffe."]},{"key":"Allergene:","value":["Enthält:Milch und daraus gewonnene Erzeugnisse (inkl. Laktose)"]},{"key":"Identitätskennzeichen:","value":["AT 30960 EG"]},{"key":"Kontakt:","value":["NÖM AG","Vöslauer Straße 109, 2500 Baden, Österreich","0800 800 500"]}],"nutritions":[{"key":"","value":"Unzubereitet"},{"key":" ","value":"100 g"},{"key":"Energie","value":"364 kJ | 86 kcal | 4 %"},{"key":"Fett","value":"2,6 g | 4 %"},{"key":"Fett, davon gesättigte Fettsäuren","value":"1,5 g | 8 %"},{"key":"Kohlenhydrate","value":"11,8 g | 5 %"},{"key":"Kohlenhydrate, davon Zucker","value":"11,1 g | 12 %"},{"key":"Eiweiß","value":"3,3 g | 7 %"},{"key":"Salz","value":"0,1 g | 2 %"},{"key":"","value":"Unzubereitet"},{"key":" ","value":"Portion (200 g)"},{"key":"Energie","value":"728 kJ | 172 kcal"},{"key":"Fett","value":"5,2 g"},{"key":"Fett, davon gesättigte Fettsäuren","value":"3 g"},{"key":"Kohlenhydrate","value":"23,6 g"},{"key":"Kohlenhydrate, davon Zucker","value":"22,2 g"},{"key":"Eiweiß","value":"6,6 g"},{"key":"Salz","value":"0,2 g"}],"tags":[]},
    {"url":"https://www.interspar.at/shop/lebensmittel/p/5726844","data":[{"key":"price","value":"0,75 €"},{"key":"oldPrice","value":"\n\t\t\t\t\t\n\t\t\t\t\t \n\t\t\t\t"},{"key":"pricePerUnit","value":"(3.75 €/kg)"},{"key":"productDetailsName","value":"NÖM Fru Fru - Mango - 200 G"},{"key":"detailsDescription","value":"200 G"},{"key":"articleNumber","value":"Artikelnummer: 5726844"},{"key":"Lagerhinweis:","value":["Gekühlt (+ 3-9°C) lagern."]},{"key":"Zutaten:","value":["Zutaten: SAUERMILCH aus gentechnikfreier Milch*, Zucker, 6% Mango, Glucose-Fructosesirup, 1% Mangopüree aus Konzentrat, modifizierte Maisstärke, Stabilisatoren: Pektine, Guarkernmehl, Johannisbrotkernmehl; Aroma, Säuerungsmittel: Citronensäure, Säureregulator: Natriumcitrate, Farbstoff: Beta-Carotin. *laut Definition des Österreichischen Lebensmittelcodex für gentechnikfreie Produktion; Kontrolle durch agroVet GmbH. In Großbuchstaben angegebene Zutaten enthalten allergene Inhaltsstoffe."]},{"key":"Allergene:","value":["Enthält:Milch und daraus gewonnene Erzeugnisse (inkl. Laktose)"]},{"key":"Identitätskennzeichen:","value":["AT 30960 EG"]},{"key":"Kontakt:","value":["NÖM AG","Vöslauer Straße 109, 2500 Baden, Österreich","0800 800 500"]}],"nutritions":[{"key":"","value":"Unzubereitet"},{"key":" ","value":"100 g"},{"key":"Energie","value":"408 kJ | 97 kcal | 5 %"},{"key":"Fett","value":"2,6 g | 4 %"},{"key":"Fett, davon gesättigte Fettsäuren","value":"1,5 g | 8 %"},{"key":"Kohlenhydrate","value":"14,5 g | 6 %"},{"key":"Kohlenhydrate, davon Zucker","value":"13,9 g | 15 %"},{"key":"Eiweiß","value":"3,3 g | 7 %"},{"key":"Salz","value":"0,1 g | 2 %"},{"key":"","value":"Unzubereitet"},{"key":" ","value":"Portion (200 g)"},{"key":"Energie","value":"816 kJ | 194 kcal"},{"key":"Fett","value":"5,2 g"},{"key":"Fett, davon gesättigte Fettsäuren","value":"3 g"},{"key":"Kohlenhydrate","value":"29 g"},{"key":"Kohlenhydrate, davon Zucker","value":"27,8 g"},{"key":"Eiweiß","value":"6,6 g"},{"key":"Salz","value":"0,2 g"}],"tags":[]},
    {"url":"https://www.interspar.at/shop/lebensmittel/p/6833657","data":[{"key":"price","value":"0,75 €"},{"key":"oldPrice","value":"\n\t\t\t\t\t\n\t\t\t\t\t \n\t\t\t\t"},{"key":"pricePerUnit","value":"(3.75 €/kg)"},{"key":"productDetailsName","value":"NÖM Fru Fru - Fru Fru wie damals Erdbeere - 200 G"},{"key":"detailsDescription","value":"200 G"},{"key":"articleNumber","value":"Artikelnummer: 6833657"},{"key":"Lagerhinweis:","value":["Gekühlt (+ 3-9 °C) lagern."]},{"key":"Zutaten:","value":["Zutaten: SAUERMILCH aus gentechnikfreier Milch*, 7% Erdbeeren, Zucker, Glukose-Fruktosesirup, modifizierte Maisstärke, Karottensaftkonzentrat, Stabilisator: Pektine, Aroma, Säureregulatoren: Natriumcitrate, Calciumcitrate. *laut Definition des Österreichischen Lebensmittelcodex für gentechnikfreie Produktion; Kontrolle durch agroVet GmbH. In Großbuchstaben angegebene Zutaten enthalten allergene Inhaltsstoffe."]},{"key":"Allergene:","value":["Enthält:Milch und daraus gewonnene Erzeugnisse (inkl. Laktose)"]},{"key":"Identitätskennzeichen:","value":["AT 30960 EG"]},{"key":"Kontakt:","value":["NÖM AG","Vöslauer Straße 109, 2500 Baden, Österreich","0800 800 500"]}],"nutritions":[{"key":"","value":"Unzubereitet"},{"key":" ","value":"100 g"},{"key":"Energie","value":"429 kJ | 102 kcal | 5 %"},{"key":"Fett","value":"3,9 g | 6 %"},{"key":"Fett, davon gesättigte Fettsäuren","value":"2,3 g | 12 %"},{"key":"Kohlenhydrate","value":"13,4 g | 5 %"},{"key":"Kohlenhydrate, davon Zucker","value":"12,7 g | 14 %"},{"key":"Eiweiß","value":"2,9 g | 6 %"},{"key":"Salz","value":"0,1 g | 2 %"},{"key":"","value":"Unzubereitet"},{"key":" ","value":"Portion (200 g)"},{"key":"Energie","value":"858 kJ | 204 kcal"},{"key":"Fett","value":"7,8 g"},{"key":"Fett, davon gesättigte Fettsäuren","value":"4,6 g"},{"key":"Kohlenhydrate","value":"26,8 g"},{"key":"Kohlenhydrate, davon Zucker","value":"25,4 g"},{"key":"Eiweiß","value":"5,8 g"},{"key":"Salz","value":"0,2 g"}],"tags":[]},
    {"url":"https://www.interspar.at/shop/lebensmittel/p/7324321","data":[{"key":"price","value":"0,75 €"},{"key":"oldPrice","value":"\n\t\t\t\t\t\n\t\t\t\t\t \n\t\t\t\t"},{"key":"pricePerUnit","value":"(3.75 €/kg)"},{"key":"productDetailsName","value":"NÖM - Fru Fru wie damals Marille - 200 G"},{"key":"detailsDescription","value":"200 G"},{"key":"articleNumber","value":"Artikelnummer: 7324321"},{"key":"Lagerhinweis:","value":["Gekühlt (3-9°C) lagern."]},{"key":"Zutaten:","value":["Zutaten: SAUERMILCH aus gentechnikfreier MILCH**, 6,4% Marillen, Zucker, Glukose-Fruktosesirup, 0,6% Marillensaft aus Marillensaftkonzentrat, modifizierte Stärke (Mais), Stabilisator: Pektin, Säuerungsmittel: Citronensäure, Säureregulatoren: Natriumcitrat, Calciumcitrat; Farbstoff: Carotin, Aroma. **laut Definition des Österreichischen Lebensmittelcodex für gentechnikfreie Produktion; Kontrolle durch agroVet GmbH. In Großbuchstaben angegebene Zutaten enthalten allergene Inhaltstoffe."]},{"key":"Allergene:","value":["Enthält:Milch und daraus gewonnene Erzeugnisse (inkl. Laktose)"]},{"key":"Identitätskennzeichen:","value":["AT 30960 EG"]},{"key":"Kontakt:","value":["NÖM AG","Vöslauer Straße 109, 2500 Baden, Österreich","0800 800 500"]}],"nutritions":[{"key":"","value":"Unzubereitet"},{"key":" ","value":"100 g"},{"key":"Energie","value":"421 kJ | 100 kcal | 5 %"},{"key":"Fett","value":"3,8 g | 5 %"},{"key":"Fett, davon gesättigte Fettsäuren","value":"2,3 g | 12 %"},{"key":"Kohlenhydrate","value":"13 g | 5 %"},{"key":"Kohlenhydrate, davon Zucker","value":"11,8 g | 13 %"},{"key":"Eiweiß","value":"2,9 g | 6 %"},{"key":"Salz","value":"0,1 g | 2 %"},{"key":"","value":"Unzubereitet"},{"key":" ","value":"Portion (200 g)"},{"key":"Energie","value":"842 kJ | 200 kcal"},{"key":"Fett","value":"7,6 g"},{"key":"Fett, davon gesättigte Fettsäuren","value":"4,6 g"},{"key":"Kohlenhydrate","value":"26 g"},{"key":"Kohlenhydrate, davon Zucker","value":"23,6 g"},{"key":"Eiweiß","value":"5,8 g"},{"key":"Salz","value":"0,2 g"}],"tags":[]},
    {"url":"https://www.interspar.at/shop/lebensmittel/p/7453045","data":[{"key":"price","value":"0,75 €"},{"key":"oldPrice","value":"\n\t\t\t\t\t\n\t\t\t\t\t \n\t\t\t\t"},{"key":"pricePerUnit","value":"(3.75 €/kg)"},{"key":"productDetailsName","value":"NÖM Fru Fru - Kaffee - 200 G"},{"key":"detailsDescription","value":"200 G"},{"key":"articleNumber","value":"Artikelnummer: 7453045"},{"key":"Lagerhinweis:","value":["Gekühlt (+ 3-9 °C) lagern."]},{"key":"Zutaten:","value":["Zutaten: SAUERMILCH aus gentechnikfreier Milch*, Wasser, Zucker, Glukose-Fruktosesirup, modifizierte Maisstärke, Karamellzuckersirup, 0,3% Kaffeepulver, Aroma, Stabilisatoren: Guarkernmehl, Pektine; Säuerungsmittel: Citronensäure, Speisesalz, Säureregulatoren: Natriumcitrate, Calciumcitrate. *laut Definition des Österreichischen Lebensmittelcodex für gentechnikfreie Produktion; Kontrolle durch agroVet GmbH. In Großbuchstaben angegebene Zutaten enthalten allergene Inhaltsstoffe."]},{"key":"Allergene:","value":["Enthält:Milch und daraus gewonnene Erzeugnisse (inkl. Laktose)"]},{"key":"Identitätskennzeichen:","value":["AT 30960 EG"]},{"key":"Kontakt:","value":["NÖM AG","Vöslauer Straße 109, 2500 Baden, Österreich","0800 800 500"]}],"nutritions":[{"key":"","value":"Unzubereitet"},{"key":" ","value":"100 g"},{"key":"Energie","value":"402 kJ | 95 kcal | 5 %"},{"key":"Fett","value":"2,6 g | 4 %"},{"key":"Fett, davon gesättigte Fettsäuren","value":"1,5 g | 8 %"},{"key":"Kohlenhydrate","value":"14,3 g | 6 %"},{"key":"Kohlenhydrate, davon Zucker","value":"13,3 g | 15 %"},{"key":"Eiweiß","value":"3,3 g | 7 %"},{"key":"Salz","value":"0,13 g | 2 %"},{"key":"","value":"Unzubereitet"},{"key":" ","value":"Portion (200 g)"},{"key":"Energie","value":"804 kJ | 190 kcal"},{"key":"Fett","value":"5,2 g"},{"key":"Fett, davon gesättigte Fettsäuren","value":"3 g"},{"key":"Kohlenhydrate","value":"28,6 g"},{"key":"Kohlenhydrate, davon Zucker","value":"26,6 g"},{"key":"Eiweiß","value":"6,6 g"},{"key":"Salz","value":"0,26 g"}],"tags":[]},
    {"url":"https://www.interspar.at/shop/lebensmittel/p/2020001023318","data":[{"key":"price","value":"0,75 €"},{"key":"oldPrice","value":"\n\t\t\t\t\t\n\t\t\t\t\t \n\t\t\t\t"},{"key":"pricePerUnit","value":"(3.75 €/kg)"},{"key":"productDetailsName","value":"NÖM Fru Fru - gerührte Zitrus-Sauermilch Mandarine - 200 G"},{"key":"detailsDescription","value":"200 G"},{"key":"articleNumber","value":"Artikelnummer: 2020001023318"},{"key":"Lagerhinweis:","value":["Gekühlt (3-9°C) lagern."]},{"key":"Zutaten:","value":["Zutaten: SAUERMILCH**, Zucker, Glukose-Fruktosesirup, Wasser, 3,3% Mandarinensaft aus Mandarinensaftkonzentrat, 2% Mandarinenmark, 0,4% Zitronensaft aus Zitronensaftkonzentrat, 0,4% Limettensaft aus Limettensaftkonzentrat, modifizierte Stärke, Stabilisator: Pektine, Säuerungsmittel: Citronensäure, Säureregulatoren: Natriumcitrate, Calciumcitrate; färbende Frucht- und Pflanzenkonzentrate (Zitrone, Saflor), Aroma. **aus gentechnikfreier Milch laut Definition des Österreichischen Lebensmittelkodex für gentechnikfreie Produktion; Kontrolle durch agroVet GmbH. In Großbuchstaben angegebene Zutaten enthalten allergene Inhaltsstoffe."]},{"key":"Allergene:","value":["Enthält:Milch und daraus gewonnene Erzeugnisse (inkl. Laktose)"]},{"key":"Identitätskennzeichen:","value":["AT 30960 EG"]},{"key":"Kontakt:","value":["NÖM AG","Vöslauer Straße 109, 2500 Baden, Österreich","0800 800 500"]}],"nutritions":[{"key":"","value":"Unzubereitet"},{"key":" ","value":"100 g"},{"key":"Energie","value":"422 kJ | 100 kcal | 5 %"},{"key":"Fett","value":"2,5 g | 4 %"},{"key":"Fett, davon gesättigte Fettsäuren","value":"1,5 g | 8 %"},{"key":"Kohlenhydrate","value":"15,7 g | 6 %"},{"key":"Kohlenhydrate, davon Zucker","value":"13,9 g | 15 %"},{"key":"Eiweiß","value":"3,2 g | 6 %"},{"key":"Salz","value":"0,1 g | 2 %"},{"key":"","value":"Unzubereitet"},{"key":" ","value":"Portion (200 g)"},{"key":"Energie","value":"844 kJ | 200 kcal"},{"key":"Fett","value":"5 g"},{"key":"Fett, davon gesättigte Fettsäuren","value":"3 g"},{"key":"Kohlenhydrate","value":"31,4 g"},{"key":"Kohlenhydrate, davon Zucker","value":"27,8 g"},{"key":"Eiweiß","value":"6,4 g"},{"key":"Salz","value":"0,2 g"}],"tags":[]},
    {"url":"https://www.interspar.at/shop/lebensmittel/p/2020001023363","data":[{"key":"price","value":"0,75 €"},{"key":"oldPrice","value":"\n\t\t\t\t\t\n\t\t\t\t\t \n\t\t\t\t"},{"key":"pricePerUnit","value":"(3.75 €/kg)"},{"key":"productDetailsName","value":"NÖM Fru Fru - gerührte Zitrus-Sauermilch Pfirsich Maracuja - 200 G"},{"key":"detailsDescription","value":"200 G"},{"key":"articleNumber","value":"Artikelnummer: 2020001023363"},{"key":"Lagerhinweis:","value":["Gekühlt (+ 3-9 °C) lagern."]},{"key":"Zutaten:","value":["Zutaten: SAUERMILCH**, Glukose-Fruktosesirup, 6,2% Pfirsich, Zucker, 1,3% Maracujasaft aus Maracujasaftkonzentrat, 0,4% Zitronensaft aus Zitronensaftkonzentrat, 0,4% Limettensaft aus Limettensaftkonzentrat, modifizierte Stärke, Stabilisator: Pektine, Säuerungsmittel: Citronensäure, Säureregulatoren: Natriumcitrate, Calciumcitrate, färbende Frucht- und Pflanzenkonzentrate (Zitrone, Saflor), Farbstoff: Carotin, Aroma. **aus gentechnikfreier Milch laut Definition des Österreichischen Lebensmittelkodex für gentechnikfreie Produktion; Kontrolle durch agroVet GmbH. In Großbuchstaben angegebene Zutaten enthalten allergene Inhaltsstoffe."]},{"key":"Allergene:","value":["Enthält:Milch und daraus gewonnene Erzeugnisse (inkl. Laktose)"]},{"key":"Identitätskennzeichen:","value":["AT 30960 EG"]},{"key":"Kontakt:","value":["NÖM AG","Vöslauer Straße 109, 2500 Baden, Österreich"]}],"nutritions":[{"key":"","value":"Unzubereitet"},{"key":" ","value":"100 g"},{"key":"Energie","value":"417 kJ | 99 kcal | 5 %"},{"key":"Fett","value":"2,5 g | 4 %"},{"key":"Fett, davon gesättigte Fettsäuren","value":"1,5 g | 8 %"},{"key":"Kohlenhydrate","value":"15,4 g | 6 %"},{"key":"Kohlenhydrate, davon Zucker","value":"13,4 g | 15 %"},{"key":"Eiweiß","value":"3,2 g | 6 %"},{"key":"Salz","value":"0,1 g | 2 %"},{"key":"","value":"Unzubereitet"},{"key":" ","value":"Portion (200 g)"},{"key":"Energie","value":"834 kJ | 198 kcal"},{"key":"Fett","value":"5 g"},{"key":"Fett, davon gesättigte Fettsäuren","value":"3 g"},{"key":"Kohlenhydrate","value":"30,8 g"},{"key":"Kohlenhydrate, davon Zucker","value":"26,8 g"},{"key":"Eiweiß","value":"6,4 g"},{"key":"Salz","value":"0,2 g"}],"tags":[]},
    {"url":"https://www.interspar.at/shop/lebensmittel/p/2020001764594","data":[{"key":"price","value":"0,75 €"},{"key":"oldPrice","value":"\n\t\t\t\t\t\n\t\t\t\t\t \n\t\t\t\t"},{"key":"pricePerUnit","value":"(3.75 €/kg)"},{"key":"productDetailsName","value":"NÖM Fru Fru - Sauermilch Almdudler - 200 G"},{"key":"detailsDescription","value":"200 G"},{"key":"articleNumber","value":"Artikelnummer: 2020001764594"},{"key":"Lagerhinweis:","value":["Vor und nach dem Öffnen gekühlt lagern."]},{"key":"Zutaten:","value":["Zutaten: SAUERMILCH, Wasser, Zucker, Glukose-Fruktosesirup, modifizierte Stärke, Stabilisator: Pektine; Säuerungsmittel: Citronensäure; Karamellzuckersirup, Aroma. In Großbuchstaben angegebene Zutaten enthalten allergene Inhaltsstoffe."]},{"key":"Allergene:","value":["Enthält:Milch und daraus gewonnene Erzeugnisse (inkl. Laktose)"]},{"key":"Identitätskennzeichen:","value":["AT 30960 EG"]},{"key":"Kontakt:","value":["NÖM AG","Vöslauer Straße 109, 2500 Baden, Österreich","www.noem.at","0800 800 500"]}],"nutritions":[{"key":"","value":"Unzubereitet"},{"key":" ","value":"100 g"},{"key":"Energie","value":"394 kJ | 94 kcal"},{"key":"Fett","value":"2,6 g"},{"key":"Fett, davon gesättigte Fettsäuren","value":"1,5 g"},{"key":"Kohlenhydrate","value":"13,8 g"},{"key":"Kohlenhydrate, davon Zucker","value":"12,4 g"},{"key":"Eiweiß","value":"3,3 g"},{"key":"Salz","value":"0,1 g"}],"tags":[]},
    {"url":"https://www.interspar.at/shop/lebensmittel/p/3111772","data":[{"key":"price","value":"0,65 €"},{"key":"oldPrice","value":"\n\t\t\t\t\t\n\t\t\t\t\t \n\t\t\t\t"},{"key":"pricePerUnit","value":"(1.30 €/kg)"},{"key":"productDetailsName","value":"SPAR - Naturjogurt leicht - 500 G"},{"key":"detailsDescription","value":"500 G"},{"key":"articleNumber","value":"Artikelnummer: 3111772"},{"key":"Lagerhinweis:","value":["Gekühlt lagern und nach dem Öffnen innerhalb weniger Tage verbrauchen."]},{"key":"Allergene:","value":["Enthält:Milch und daraus gewonnene Erzeugnisse (inkl. Laktose)"]},{"key":"","value":["70% weniger Fett als Naturjogurt mit 3,6% Fett"]},{"key":"","value":["Light, Zusatzstoffe reduziert"]},{"key":"Identitätskennzeichen:","value":["AT 20130 EG"]},{"key":"Ursprungsland/Herkunftsort:","value":["Qualität aus Österreich"]},{"key":"Kontakt:","value":["SPAR Österr. Warenhandels-AG","Europastraße 3, 5015 Salzburg, Österreich"]}],"nutritions":[{"key":"","value":"Unzubereitet"},{"key":" ","value":"100 g"},{"key":"Energie","value":"182 kJ | 43 kcal"},{"key":"Fett","value":"1 g"},{"key":"Fett, davon gesättigte Fettsäuren","value":"0,6 g"},{"key":"Kohlenhydrate","value":"4,2 g"},{"key":"Kohlenhydrate, davon Zucker","value":"4,2 g"},{"key":"Ballaststoffe","value":"0 g"},{"key":"Eiweiß","value":"4,3 g"},{"key":"Salz","value":"0,13 g"},{"key":"Broteinheiten","value":"0,4 BE"}],"tags":[]},
    {"url":"https://www.interspar.at/shop/lebensmittel/p/1635959","data":[{"key":"price","value":"0,55 €"},{"key":"oldPrice","value":"\n\t\t\t\t\t\n\t\t\t\t\t \n\t\t\t\t"},{"key":"pricePerUnit","value":"(3.06 €/kg)"},{"key":"productDetailsName","value":"SPAR Vital - Stevia-Jogurt Pfirsich-Maracuja - 180 G"},{"key":"detailsDescription","value":"180 G"},{"key":"articleNumber","value":"Artikelnummer: 1635959"},{"key":"Lagerhinweis:","value":["Gekühlt lagern."]},{"key":"Zutaten:","value":["Zutaten: JOGURT, Pfirsiche 9%, Fruktose, Maracujasaft aus Maracujasaftkonzentrat 1%, modifizierte Stärke, Verdickungsmittel: Pektin, Aroma, Süßungsmittel: Steviolglykoside, Säuerungsmittel: Citronensäure, Farbstoff: Beta-Carotin, färbendes Karottenkonzentrat. In Großbuchstaben angegebene Zutaten enthalten allergene Inhaltsstoffe."]},{"key":"Allergene:","value":["Enthält:Milch und daraus gewonnene Erzeugnisse (inkl. Laktose)"]},{"key":"","value":["30% weniger Kalorien als herkömmliche Fruchtjogurts"]},{"key":"","value":["Reduzierter Zuckergehalt","Reduzierter Gehalt an Fett"]},{"key":"Identitätskennzeichen:","value":["AT 30751 EG"]},{"key":"Zusatztext:","value":["Eine abwechslungsreiche, ausgewogene Ernährung, Bewegung und ein gesunder Lebensstil sind wichtig für die Gesundheit."]},{"key":"Ursprungsland/Herkunftsort:","value":["hergestellt in Österreich"]},{"key":"Kontakt:","value":["SPAR Österr. Warenhandels-AG","Europastraße 3, 5015 Salzburg, Österreich"]}],"nutritions":[{"key":"","value":"Unzubereitet"},{"key":" ","value":"100 g"},{"key":"Energie","value":"283 kJ | 67 kcal"},{"key":"Fett","value":"1,5 g"},{"key":"Fett, davon gesättigte Fettsäuren","value":"1 g"},{"key":"Kohlenhydrate","value":"9,6 g"},{"key":"Kohlenhydrate, davon Zucker","value":"8,9 g"},{"key":"Ballaststoffe","value":"0,2 g"},{"key":"Eiweiß","value":"3,7 g"},{"key":"Salz","value":"0,1 g"},{"key":"Broteinheiten","value":"0,8 BE"},{"key":"","value":"Unzubereitet"},{"key":" ","value":"Portion (180 g)"},{"key":"Energie","value":"510 kJ | 121 kcal | 6 %"},{"key":"Fett","value":"2,7 g | 4 %"},{"key":"Fett, davon gesättigte Fettsäuren","value":"1,8 g | 9 %"},{"key":"Kohlenhydrate","value":"17 g | 7 %"},{"key":"Kohlenhydrate, davon Zucker","value":"16 g | 18 %"},{"key":"Ballaststoffe","value":"0,4 g"},{"key":"Eiweiß","value":"6,7 g | 13 %"},{"key":"Salz","value":"0,18 g | 3 %"},{"key":"Broteinheiten","value":"1,4 BE"}],"tags":[]},
    {"url":"https://www.interspar.at/shop/lebensmittel/p/1635973","data":[{"key":"price","value":"0,55 €"},{"key":"oldPrice","value":"\n\t\t\t\t\t\n\t\t\t\t\t \n\t\t\t\t"},{"key":"pricePerUnit","value":"(3.06 €/kg)"},{"key":"productDetailsName","value":"SPAR Vital - Stevia-Jogurt Müsli - 180 G"},{"key":"detailsDescription","value":"180 G"},{"key":"articleNumber","value":"Artikelnummer: 1635973"},{"key":"Lagerhinweis:","value":["Gekühlt lagern."]},{"key":"Zutaten:","value":["Zutaten: JOGURT, Fruktose, ROGGENFLOCKEN 1,2%, Apfelpüree 1,1%, Rosinen 1%, WEIZENFLOCKEN 0,9%, HASELNÜSSE 0,2%, MANDELN 0,1%, modifizierte Stärke, Verdickungsmittel: Pektin, Aroma, Süßungsmittel: Steviolglykoside, Säuerungsmittel: Citronensäure. In Großbuchstaben angegebene Zutaten enthalten allergene Inhaltsstoffe."]},{"key":"Allergene:","value":["Enthält:Glutenhaltiges Getreide und daraus hergestellte Erzeugnisse, Milch und daraus gewonnene Erzeugnisse (inkl. Laktose), Schalenfrüchte und daraus gewonnene Erzeugnisse"]},{"key":"","value":["30% weniger Kalorien als herkömmliche Fruchtjogurts"]},{"key":"","value":["Reduzierter Zuckergehalt","Reduzierter Gehalt an Fett"]},{"key":"Identitätskennzeichen:","value":["AT 30751 EG"]},{"key":"Zusatztext:","value":["Eine abwechslungsreiche, ausgewogene Ernährung, Bewegung und ein gesunder Lebensstil sind wichtig für die Gesundheit."]},{"key":"Ursprungsland/Herkunftsort:","value":["hergestellt in Österreich"]},{"key":"Kontakt:","value":["SPAR Österr. Warenhandels-AG","Europastraße 3, 5015 Salzburg, Österreich"]}],"nutritions":[{"key":"","value":"Unzubereitet"},{"key":" ","value":"100 g"},{"key":"Energie","value":"314 kJ | 74 kcal"},{"key":"Fett","value":"1,6 g"},{"key":"Fett, davon gesättigte Fettsäuren","value":"1 g"},{"key":"Kohlenhydrate","value":"10,9 g"},{"key":"Kohlenhydrate, davon Zucker","value":"8,8 g"},{"key":"Ballaststoffe","value":"0,4 g"},{"key":"Eiweiß","value":"3,9 g"},{"key":"Salz","value":"0,1 g"},{"key":"Broteinheiten","value":"0,9 BE"},{"key":"","value":"Unzubereitet"},{"key":" ","value":"Portion (180 g)"},{"key":"Energie","value":"565 kJ | 133 kcal | 7 %"},{"key":"Fett","value":"2,9 g | 4 %"},{"key":"Fett, davon gesättigte Fettsäuren","value":"1,8 g | 9 %"},{"key":"Kohlenhydrate","value":"20 g | 8 %"},{"key":"Kohlenhydrate, davon Zucker","value":"16 g | 18 %"},{"key":"Ballaststoffe","value":"0,7 g"},{"key":"Eiweiß","value":"7 g | 14 %"},{"key":"Salz","value":"0,18 g | 3 %"},{"key":"Broteinheiten","value":"0,9 BE"}],"tags":[]},
    {"url":"https://www.interspar.at/shop/lebensmittel/p/1636000","data":[{"key":"price","value":"0,55 €"},{"key":"oldPrice","value":"\n\t\t\t\t\t\n\t\t\t\t\t \n\t\t\t\t"},{"key":"pricePerUnit","value":"(3.06 €/kg)"},{"key":"productDetailsName","value":"SPAR Vital - Stevia-Jogurt Waldbeere - 180 G"},{"key":"detailsDescription","value":"180 G"},{"key":"articleNumber","value":"Artikelnummer: 1636000"},{"key":"Lagerhinweis:","value":["Gekühlt lagern."]},{"key":"Zutaten:","value":["Zutaten: JOGURT, Fruktose, Brombeeren 2,8%, Erdbeeren 1,8%, schwarzer Johannisbeersaft aus schwarzem Johannisbeersaftkonzentrat 1,6%, Erdbeerpüree aus Erdbeerpüreekonzentrat 1,6%, Himbeerpüree aus Himbeerpüreekonzentrat 1,5%, Holunderbeeren 0,5%, Heidelbeeren 0,2%, modifizierte Stärke, Verdickungsmittel: Pektin, Aroma, Süßungsmittel: Steviolglykoside, Säuerungsmittel: Citronensäure, färbendes Karotten- und Hibiskuskonzentrat. In Großbuchstaben angegebene Zutaten enthalten allergene Inhaltsstoffe."]},{"key":"Allergene:","value":["Enthält:Milch und daraus gewonnene Erzeugnisse (inkl. Laktose)"]},{"key":"","value":["30% weniger Kalorien als herkömmliche Fruchtjogurts"]},{"key":"","value":["Reduzierter Zuckergehalt","Reduzierter Gehalt an Fett"]},{"key":"Identitätskennzeichen:","value":["AT 30751 EG"]},{"key":"Zusatztext:","value":["Eine abwechslungsreiche, ausgewogene Ernährung, Bewegung und ein gesunder Lebensstil sind wichtig für die Gesundheit."]},{"key":"Ursprungsland/Herkunftsort:","value":["hergestellt in Österreich"]},{"key":"Kontakt:","value":["SPAR Österr. Warenhandels-AG","Europastraße 3, 5015 Salzburg, Österreich"]}],"nutritions":[{"key":"","value":"Unzubereitet"},{"key":" ","value":"100 g"},{"key":"Energie","value":"282 kJ | 67 kcal"},{"key":"Fett","value":"1,5 g"},{"key":"Fett, davon gesättigte Fettsäuren","value":"1 g"},{"key":"Kohlenhydrate","value":"9,5 g"},{"key":"Kohlenhydrate, davon Zucker","value":"8,9 g"},{"key":"Ballaststoffe","value":"0,2 g"},{"key":"Eiweiß","value":"3,7 g"},{"key":"Salz","value":"0,1 g"},{"key":"Broteinheiten","value":"0,8 BE"},{"key":"","value":"Unzubereitet"},{"key":" ","value":"Portion (180 g)"},{"key":"Energie","value":"508 kJ | 121 kcal | 6 %"},{"key":"Fett","value":"2,7 g | 4 %"},{"key":"Fett, davon gesättigte Fettsäuren","value":"1,8 g | 9 %"},{"key":"Kohlenhydrate","value":"17 g | 7 %"},{"key":"Kohlenhydrate, davon Zucker","value":"16 g | 18 %"},{"key":"Ballaststoffe","value":"0,4 g"},{"key":"Eiweiß","value":"6,7 g | 13 %"},{"key":"Salz","value":"0,18 g | 3 %"},{"key":"Broteinheiten","value":"1,4 BE"}],"tags":[]},
    {"url":"https://www.interspar.at/shop/lebensmittel/p/2020001301478","data":[{"key":"price","value":"2,29 €"},{"key":"oldPrice","value":"\n\t\t\t\t\t\n\t\t\t\t\t \n\t\t\t\t"},{"key":"pricePerUnit","value":"(5.73 €/kg)"},{"key":"productDetailsName","value":"Zott Monte - White 4 x 100g - 400 G"},{"key":"detailsDescription","value":"400 G"},{"key":"articleNumber","value":"Artikelnummer: 2020001301478"},{"key":"Lagerhinweis:","value":["Zu lagern bei max. 8°C."]},{"key":"Zutaten:","value":["Zutaten: VOLLMILCH (50%), SAHNE, Zucker, modifizierte Stärke, Verdickungsmittel: Carrageen, Calciumcitrate, Aroma. In Großbuchstaben angegebenen Zutaten enthalten allergene Inhaltsstoffe."]},{"key":"Allergene:","value":["Enthält:Milch und daraus gewonnene Erzeugnisse (inkl. Laktose)"]},{"key":"Kontakt:","value":["Zott SE & Co. KG","Dr.-Steichele-Straße 2-4, 86690 Mertingen, Deutschland"]}],"nutritions":[{"key":"","value":"Unzubereitet"},{"key":" ","value":"100 g"},{"key":"Energie","value":"775 kJ | 186 kcal"},{"key":"Fett","value":"13,5 g"},{"key":"Fett, davon gesättigte Fettsäuren","value":"9,2 g"},{"key":"Kohlenhydrate","value":"13,2 g"},{"key":"Kohlenhydrate, davon Zucker","value":"11,3 g"},{"key":"Eiweiß","value":"2,7 g"},{"key":"Salz","value":"0,1 g"},{"key":"Vitamin A","value":"120 µg | 15 %"},{"key":"Kalzium","value":"144 mg | 18 %"}],"tags":[]},
    {"url":"https://www.interspar.at/shop/lebensmittel/p/2020001931675","data":[{"key":"price","value":"0,79 €"},{"key":"oldPrice","value":"\n\t\t\t\t\t\n\t\t\t\t\t \n\t\t\t\t"},{"key":"pricePerUnit","value":"(6.58 €/kg)"},{"key":"productDetailsName","value":"Danone - Disney Frozen Joghurt Classic mit Schoko Knusper - 120 G"},{"key":"detailsDescription","value":"120 G"},{"key":"articleNumber","value":"Artikelnummer: 2020001931675"},{"key":"Lagerhinweis:","value":["Bei maximal +8 °C lagern."]},{"key":"Zutaten:","value":["Zutaten: JOGHURT, 7,5% schokolierte Crispies (WEIZENMEHL, Zucker, WEIZENVOLLKORNMEHL, Kakaomasse, Kakaobutter, VOLLMILCHPULVER, WEIZENMALZMEHL, Palmfett, SÜßMOLKENPULVER, Überzugsmittel: Gummi arabicum, Glukosesirup, Salz, Emulgator SOJALECITHIN, natürliches Vanillearoma), Zucker, Glukose-fruktosesirup. ENTHÄLT MILCH, GLUTEN UND SOJA. KANN SPUREN VON ANDEREN GLUTENHALTIGEN GETREIDEN, SCHALENFRÜCHTEN UND ERDNÜSSEN ENTHALTEN.In Großbuchstaben angegebene Zutaten enthalten allergene Inhaltstoffe."]},{"key":"Allergene:","value":["Kann Spuren enthalten von:Erdnüsse und daraus gewonnene Erzeugnisse, Schalenfrüchte und daraus gewonnene Erzeugnisse","Enthält:Glutenhaltiges Getreide und daraus hergestellte Erzeugnisse, Milch und daraus gewonnene Erzeugnisse (inkl. Laktose), Sojabohnen und daraus gewonnene Erzeugnisse"]},{"key":"Zubereitung:","value":["VerzehrfertigVerzehrfertig"]},{"key":"Identitätskennzeichen:","value":["DE BY-119 EG"]},{"key":"Kontakt:","value":["Danone GmbH","Technologiestraße 10, 1120 Wien, Österreich","+43 (0)1 / 211 57-207"]}],"nutritions":[{"key":"","value":"Unzubereitet"},{"key":" ","value":"100 g"},{"key":"Energie","value":"417 kJ | 100 kcal"},{"key":"Fett","value":"2,3 g"},{"key":"Fett, davon gesättigte Fettsäuren","value":"1,5 g"},{"key":"Kohlenhydrate","value":"14,3 g"},{"key":"Kohlenhydrate, davon Zucker","value":"10,9 g"},{"key":"Eiweiß","value":"5,2 g"},{"key":"Salz","value":"0,23 g"},{"key":"","value":"Unzubereitet"},{"key":" ","value":"Portion (120 g)"},{"key":"Energie","value":"500 kJ | 120 kcal | 6 %"},{"key":"Fett","value":"2,8 g | 4 %"},{"key":"Fett, davon gesättigte Fettsäuren","value":"1,8 g | 9 %"},{"key":"Kohlenhydrate","value":"17,2 g | 7 %"},{"key":"Kohlenhydrate, davon Zucker","value":"13,1 g | 15 %"},{"key":"Eiweiß","value":"6,2 g | 12 %"},{"key":"Salz","value":"0,28 g | 5 %"}],"tags":[]},
    {"url":"https://www.interspar.at/shop/lebensmittel/p/2020002040611","data":[{"key":"price","value":"2,19 €"},{"key":"oldPrice","value":"\n\t\t\t\t\t\n\t\t\t\t\t \n\t\t\t\t"},{"key":"pricePerUnit","value":"(12.17 €/kg)"},{"key":"productDetailsName","value":"Bonta Divina - Cappuccino 2x90g - 180 G"},{"key":"detailsDescription","value":"180 G"},{"key":"articleNumber","value":"Artikelnummer: 2020002040611"},{"key":"Lagerhinweis:","value":["Gekühlt lagern."]},{"key":"Zutaten:","value":["Zutaten: MAGERMILCH, Glukosesirup, Wasser, SAHNE 9,3%, Zucker, MAGERMILCHPULVER, Kokosöl, EIER, Eigelb, WEIZENMEHL, Alkohol, Instant-Kaffee 1,6%, Kakaomasse, Emulgator: Mono- und Diglyceride von Speisefettsäuren, Lecithine (SOJA), Zitrusfasern, Dextrose, Verdickungsmittel: Carrageen, Kaffee-Extrakt 0,2%, Kakaobutter, fettarmer Kakao, Backtriebmittel: Diphosphate, Natriumcarbonate, natürliche Aromen. Alkoholgehalt: 1,7%. In Großbuchstaben angegebene Zutaten enthalten allergene Inhaltsstoffe."]},{"key":"Allergene:","value":["Enthält:Eier und daraus gewonnene Erzeugnisse, Glutenhaltiges Getreide und daraus hergestellte Erzeugnisse, Milch und daraus gewonnene Erzeugnisse (inkl. Laktose), Sojabohnen und daraus gewonnene Erzeugnisse"]},{"key":"","value":["Keine Farb- und Konservierungsstoffe. Alkoholgehalt 1,7%"]},{"key":"Identitätskennzeichen:","value":["IT 03200 CE"]},{"key":"Kontakt:","value":["Sweet Port Services S.A.","Via Simen 3, 6904 Lugano, Schweiz"]}],"nutritions":[{"key":"","value":"Unzubereitet"},{"key":" ","value":"100 g"},{"key":"Energie","value":"1004 kJ | 240 kcal"},{"key":"Fett","value":"9,8 g"},{"key":"Fett, davon gesättigte Fettsäuren","value":"7,4 g"},{"key":"Kohlenhydrate","value":"29,7 g"},{"key":"Kohlenhydrate, davon Zucker","value":"21,1 g"},{"key":"Ballaststoffe","value":"1,5 g"},{"key":"Eiweiß","value":"4,4 g"},{"key":"Salz","value":"0,12 g"},{"key":"","value":"Unzubereitet"},{"key":" ","value":"Portion (90 g)"},{"key":"Energie","value":"902 kJ | 215 kcal"},{"key":"Fett","value":"8,8 g"},{"key":"Fett, davon gesättigte Fettsäuren","value":"6,7 g"},{"key":"Kohlenhydrate","value":"26,7 g"},{"key":"Kohlenhydrate, davon Zucker","value":"19 g"},{"key":"Ballaststoffe","value":"1,4 g"},{"key":"Eiweiß","value":"4 g"},{"key":"Salz","value":"0,11 g"}],"tags":[]},
    {"url":"https://www.interspar.at/shop/lebensmittel/p/2020002040758","data":[{"key":"price","value":"1,99 €"},{"key":"oldPrice","value":"\n\t\t\t\t\t\n\t\t\t\t\t \n\t\t\t\t"},{"key":"pricePerUnit","value":"(8.73 €/kg)"},{"key":"productDetailsName","value":"Nestlé Gold - Knackige Mousse Schokolade 4x57g - 228 G"},{"key":"detailsDescription","value":"228 G"},{"key":"articleNumber","value":"Artikelnummer: 2020002040758"},{"key":"Lagerhinweis:","value":["Bei max +8°C mindestens haltbar bis : siehe Deckel"]},{"key":"Zutaten:","value":["Zutaten: Schokoladenmousse 90,4% [VOLLMILCH, Zucker, MILCHSCHOKOLADE 7,2% (Zucker, VOLLMILCHPULVER, Kakaobutter, Kakaomasse, MOLKENERZEUGNIS, Emulgator (Lecithine) natürliches Vanillearoma), SAHNE, fettarmer Kakao, Kakao, Karamell (Zucker, Glukose-Fruktose-Sirup, Wasser, Säureregulator (Natriumhydroxid)), MAGERMILCHPULVER, LAKTOSE, Rindergelatine, Salz, Emulgator (Mono- und Diglyceride von Speisefettsäuren)], Zartbitterschokoladenschichten 9,6 % [Kakaomasse, Kakaobutter, Aroma, Süßungsmittel (Sucralose, Acesulfam K)]. In Großbuchstaben angegebene Zutaten enthalten allergene Inhaltstoffe."]},{"key":"Allergene:","value":["Enthält:Milch und daraus gewonnene Erzeugnisse (inkl. Laktose)"]},{"key":"Identitätskennzeichen:","value":["FR 44.212.001 CE"]},{"key":"Kontakt:","value":["Lactalis Nestlé Frischeprodukte Österreich GmbH","Grabenweg 58, 6020 Innsbruck, Österreich"]}],"nutritions":[{"key":"","value":"Unzubereitet"},{"key":" ","value":"100 g"},{"key":"Energie","value":"974 kJ | 234 kcal"},{"key":"Fett","value":"140 g"},{"key":"Fett, davon gesättigte Fettsäuren","value":"9,1 g"},{"key":"Kohlenhydrate","value":"20,6 g"},{"key":"Kohlenhydrate, davon Zucker","value":"18,2 g"},{"key":"Ballaststoffe","value":"2,3 g"},{"key":"Eiweiß","value":"5 g"},{"key":"Salz","value":"0,16 g"},{"key":"","value":"Unzubereitet"},{"key":" ","value":"Portion (57 g)"},{"key":"Energie","value":"555 kJ | 133 kcal | 7 %"},{"key":"Fett","value":"8 g | 11 %"},{"key":"Fett, davon gesättigte Fettsäuren","value":"5,2 g | 26 %"},{"key":"Kohlenhydrate","value":"11,7 g | 5 %"},{"key":"Kohlenhydrate, davon Zucker","value":"10,4 g | 12 %"},{"key":"Ballaststoffe","value":"1,3 g"},{"key":"Eiweiß","value":"2,9 g | 6 %"},{"key":"Salz","value":"0,09 g | 2 %"}],"tags":[]},
    {"url":"https://www.interspar.at/shop/lebensmittel/p/2020002040765","data":[{"key":"price","value":"1,99 €"},{"key":"oldPrice","value":"\n\t\t\t\t\t\n\t\t\t\t\t \n\t\t\t\t"},{"key":"pricePerUnit","value":"(8.73 €/kg)"},{"key":"productDetailsName","value":"Nestlé Gold - Knackige Mousse Vanille 4x57g - 228 G"},{"key":"detailsDescription","value":"228 G"},{"key":"articleNumber","value":"Artikelnummer: 2020002040765"},{"key":"Lagerhinweis:","value":["Bei max +8°C lagern."]},{"key":"Zutaten:","value":["Zutaten: Vanillemousse 90,4% [VOLLMILCH, Zucker, SAHNE, MAGERMILCHPULVER, LAKTOSE, natürliches Vanillearoma, Rindergelatine, Emulgator (Milchsäureester von Mono- und Diglyceriden von Speisefettsäuren), Verdickungsmittel (Natriumalginat, Carrageen), Farbstoff (Annatto), Säureregulator (Natriumhydroxid)], Zartbitterschokoladenschichten 9,6 % [Kakaomasse, Kakaobutter, Aroma, Süßungsmittel (Sucralose, Acesulfam K)]. In Großbuchstaben angegebene Zutaten enthalten allergene Inhaltstoffe."]},{"key":"Allergene:","value":["Enthält:Milch und daraus gewonnene Erzeugnisse (inkl. Laktose)"]},{"key":"Identitätskennzeichen:","value":["FR 44.212.001 CE"]},{"key":"Kontakt:","value":["Lactalis Nestlé Frischeprodukte Österreich GmbH","Grabenweg 58, 6020 Innsbruck, Österreich"]}],"nutritions":[{"key":"","value":"Unzubereitet"},{"key":" ","value":"100 g"},{"key":"Energie","value":"924 kJ | 222 kcal"},{"key":"Fett","value":"14,5 g"},{"key":"Fett, davon gesättigte Fettsäuren","value":"9,5 g"},{"key":"Kohlenhydrate","value":"17,9 g"},{"key":"Kohlenhydrate, davon Zucker","value":"15,7 g"},{"key":"Ballaststoffe","value":"0,8 g"},{"key":"Eiweiß","value":"4,3 g"},{"key":"Salz","value":"0,21 g"},{"key":"","value":"Unzubereitet"},{"key":" ","value":"Portion (57 g)"},{"key":"Energie","value":"527 kJ | 126 kcal | 6 %"},{"key":"Fett","value":"8,2 g | 12 %"},{"key":"Fett, davon gesättigte Fettsäuren","value":"5,4 g | 27 %"},{"key":"Kohlenhydrate","value":"10,2 g | 4 %"},{"key":"Kohlenhydrate, davon Zucker","value":"8,9 g | 10 %"},{"key":"Ballaststoffe","value":"0,5 g"},{"key":"Eiweiß","value":"2,4 g | 5 %"},{"key":"Salz","value":"0,12 g | 2 %"}],"tags":[]},
    {"url":"https://www.interspar.at/shop/lebensmittel/p/2320434","data":[{"key":"price","value":"3,29 €"},{"key":"oldPrice","value":"\n\t\t\t\t\t\n\t\t\t\t\t \n\t\t\t\t"},{"key":"pricePerUnit","value":"(20.56 €/kg)"},{"key":"productDetailsName","value":"GÜ - New York Cheesecakes 2x80g - 160 G"},{"key":"detailsDescription","value":"160 G"},{"key":"articleNumber","value":"Artikelnummer: 2320434"},{"key":"Lagerhinweis:","value":["Kühl aufbewahren. Nicht einfrieren. Iss mich kalt."]},{"key":"Zutaten:","value":["Zutaten: Käsekuchen (69%): Vollfett-Frischkäse (32%) (SAHNE, Wasser, MILCHEIWEISSPULVER, modifizierte Stärke, Starterkultur, Salz), SCHLAGSAHNE, Zucker, pasteurisiertes VOLLEI, Speisestärke, Bourbon-Vanille-Extrakt mit Mark (0,7%), Wasser, Säureregulator: Citronensäure, Konservierungsstoff: Kaliumsorbat. Biskuitboden (31%): Spekulatius-Biskuitkrümel (24%) (angereichertes WEIZENMEHL (Weizenmehl, Calciumcarbonat, Elementares Eisen, Nicotinamid, Thiaminmononitrat), Zucker, pflanzliche Öle (Rapsöl, Palmöl), Zuckersirup, Backtriebmittel: Natriumhydrogencarbonat, Salz, Zimt), pflanzliche Öle (Rapsöl, Palmöl), Demerara-Zucker. In Großbuchstaben angegebene Zutaten enthalten allergene Inhaltstoffe."]},{"key":"Allergene:","value":["Kann Spuren von Schalenfrüchten (Nüsse) enthalten.","Kann Spuren enthalten von:Schalenfrüchte und daraus gewonnene Erzeugnisse","Enthält:Eier und daraus gewonnene Erzeugnisse, Glutenhaltiges Getreide und daraus hergestellte Erzeugnisse, Milch und daraus gewonnene Erzeugnisse (inkl. Laktose)"]},{"key":"Identitätskennzeichen:","value":["GÜ Puds/Noble Desserts Holding Ltd. Großbritannien"]},{"key":"Verwendungshinweis:","value":["Bitte Glas mit höchster Vorsicht handhaben."]},{"key":"Kontakt:","value":["Uplegger Food Company GmbH","Hans-Böckler-Straße 17, 30851 Langenhagen, Deutschland"]}],"nutritions":[{"key":"","value":"Unzubereitet"},{"key":" ","value":"100 g"},{"key":"Energie","value":"1464 kJ | 351 kcal"},{"key":"Fett","value":"22,8 g"},{"key":"Fett, davon gesättigte Fettsäuren","value":"11,8 g"},{"key":"Kohlenhydrate","value":"33,6 g"},{"key":"Kohlenhydrate, davon Zucker","value":"22,2 g"},{"key":"Ballaststoffe","value":"0,5 g"},{"key":"Eiweiß","value":"4,2 g"},{"key":"Salz","value":"0,5 g"}],"tags":[]},
    {"url":"https://www.interspar.at/shop/lebensmittel/p/3274781","data":[{"key":"price","value":"3,99 €"},{"key":"oldPrice","value":"\n\t\t\t\t\t\n\t\t\t\t\t \n\t\t\t\t"},{"key":"pricePerUnit","value":"(7.98 €/kg)"},{"key":"productDetailsName","value":"Bonta Divina - Tiramisu - 500 G"},{"key":"detailsDescription","value":"500 G"},{"key":"articleNumber","value":"Artikelnummer: 3274781"},{"key":"Lagerhinweis:","value":["Kühl lagern (bis +7°C)."]},{"key":"Zutaten:","value":["Zutaten: MAGERMILCH, Glukosesirup, Wasser, Zucker, Frischkäse Mascarpone 6,8% (SAHNE, MILCH, Säureregulator: Milchsäure), Kokosöl, MAGERMILCHPULVER, EIGELB, EIER, WEIZENMEHL, Alkohol, Marsalawein 1,4%, Stabilsator: Sorbit, Dextrose, Instant-Kaffee 0,6,%, Emultagor: Mono- und Diglyceride von Sepisefettsäuren, Verdickungsmittel: Carrageen - Xanthan - Guarkernmehl, Kakao 0,4%, Maisstärke, Aromen, natürliches Aroma vom Marsalawein, Backtriebmittel: Diphosphate, Natriumcarbonate, Kakaobutter. In Großbuchstaben angegebene Zutaten enthalten allergene Inhaltsstoffe."]},{"key":"Allergene:","value":["Enthält:Eier und daraus gewonnene Erzeugnisse, Glutenhaltiges Getreide und daraus hergestellte Erzeugnisse, Milch und daraus gewonnene Erzeugnisse (inkl. Laktose)"]},{"key":"","value":["keine Farbstoffe"]},{"key":"Kontakt:","value":["Sweet Port Services S.A.","Via Simen 3, 6904 Lugano, Schweiz"]}],"nutritions":[{"key":"","value":"Unzubereitet"},{"key":" ","value":"100 g"},{"key":"Energie","value":"1057 kJ | 252 kcal"},{"key":"Fett","value":"10,9 g"},{"key":"Fett, davon gesättigte Fettsäuren","value":"8,5 g"},{"key":"Kohlenhydrate","value":"30,6 g"},{"key":"Kohlenhydrate, davon Zucker","value":"21 g"},{"key":"Ballaststoffe","value":"1,4 g"},{"key":"Eiweiß","value":"4,3 g"},{"key":"Salz","value":"0,13 g"},{"key":"","value":"Unzubereitet"},{"key":" ","value":"Portion (83 g)"},{"key":"Energie","value":"876 kJ | 209 kcal"},{"key":"Fett","value":"9 g"},{"key":"Fett, davon gesättigte Fettsäuren","value":"7,1 g"},{"key":"Kohlenhydrate","value":"25,4 g"},{"key":"Kohlenhydrate, davon Zucker","value":"17,4 g"},{"key":"Ballaststoffe","value":"1,2 g"},{"key":"Eiweiß","value":"3,6 g"},{"key":"Salz","value":"0,11 g"}],"tags":[]},
    {"url":"https://www.interspar.at/shop/lebensmittel/p/4166603","data":[{"key":"price","value":"1,19 €"},{"key":"oldPrice","value":"\n\t\t\t\t\t\n\t\t\t\t\t \n\t\t\t\t"},{"key":"pricePerUnit","value":"(4.76 €/l)"},{"key":"productDetailsName","value":"Dr. Oetker - Bourbon-Vanille-Soße - 250 ML"},{"key":"detailsDescription","value":"250 ML"},{"key":"articleNumber","value":"Artikelnummer: 4166603"},{"key":"Lagerhinweis:","value":["Bei +8°C lagern."]},{"key":"Zutaten:","value":["Zutaten: entrahmte MILCH, 34% SAHNE, Zucker, modifizierte Stärke, Stärke, gemahlene Bourbon-Vanilleschoten, natürliches Bourbon-Vanille Aroma, Salz, natürliches Aroma (enthält MILCHBESTANDTEILE), Farbstoff: Carotin. In Großbuchstaben angegebene Zutaten enthalten allergene Inhaltsstoffe."]},{"key":"Allergene:","value":["Enthält:Milch und daraus gewonnene Erzeugnisse (inkl. Laktose)"]},{"key":"Identitätskennzeichen:","value":["DE NW 303 EG"]},{"key":"Kontakt:","value":["Dr. Oetker GmbH","Ringmauergasse 9/1, 9500 Villach, Österreich"]}],"nutritions":[{"key":"","value":"Unzubereitet"},{"key":" ","value":"100 ml"},{"key":"Energie","value":"495 kJ | 118 kcal"},{"key":"Fett","value":"3,8 g"},{"key":"Fett, davon gesättigte Fettsäuren","value":"2,4 g"},{"key":"Kohlenhydrate","value":"18 g"},{"key":"Kohlenhydrate, davon Zucker","value":"14 g"},{"key":"Eiweiß","value":"3,2 g"},{"key":"Salz","value":"0,21 g"},{"key":" ","value":"Portion (50 ml)"}],"tags":[]},
    {"url":"https://www.interspar.at/shop/lebensmittel/p/6441869","data":[{"key":"price","value":"1,99 €"},{"key":"oldPrice","value":"\n\t\t\t\t\t\n\t\t\t\t\t \n\t\t\t\t"},{"key":"pricePerUnit","value":"(6.03 €/kg)"},{"key":"productDetailsName","value":"Zott Monte - Schoko 6 x 55g - 330 G"},{"key":"detailsDescription","value":"330 G"},{"key":"articleNumber","value":"Artikelnummer: 6441869"},{"key":"Lagerhinweis:","value":["Bei max. +8°C lagern."]},{"key":"Zutaten:","value":["Zutaten: VOLLMILCH (49%), SAHNE, Zucker, modifizierte Stärke, fettarmes Kakaopulver (0,8%), HASELNUSSMARK (0,5%), Schokoladenpulver (0,5%), Verdickungsmittel: Carrageen, Johannisbrotkernmehl; Calciumcitrate, Aroma. In Großbuchstaben angegebene Zutaten enthalten allergene Inhaltsstoffe."]},{"key":"Allergene:","value":["Enthält:Milch und daraus gewonnene Erzeugnisse (inkl. Laktose), Schalenfrüchte und daraus gewonnene Erzeugnisse"]},{"key":"Identitätskennzeichen:","value":["DE BY 77721 EG"]},{"key":"Kontakt:","value":["Zott SE & Co. KG","Dr.-Steichele-Straße 2-4, 86690 Mertingen, Deutschland"]}],"nutritions":[{"key":"","value":"Unzubereitet"},{"key":" ","value":"100 g"},{"key":"Energie","value":"813 kJ | 195 kcal"},{"key":"Fett","value":"13,3 g"},{"key":"Fett, davon gesättigte Fettsäuren","value":"8,8 g"},{"key":"Kohlenhydrate","value":"15,9 g"},{"key":"Kohlenhydrate, davon Zucker","value":"13,7 g"},{"key":"Eiweiß","value":"2,8 g"},{"key":"Salz","value":"0,13 g"},{"key":"Vitamin A","value":"120 µg | 15 %"},{"key":"Kalzium","value":"120 mg | 15 %"}],"tags":[]},
    {"url":"https://www.interspar.at/shop/lebensmittel/p/6473006","data":[{"key":"price","value":"2,29 €"},{"key":"oldPrice","value":"\n\t\t\t\t\t\n\t\t\t\t\t \n\t\t\t\t"},{"key":"pricePerUnit","value":"(5.73 €/kg)"},{"key":"productDetailsName","value":"Zott Monte - Maxi 4 x 100g - 400 G"},{"key":"detailsDescription","value":"400 G"},{"key":"articleNumber","value":"Artikelnummer: 6473006"},{"key":"Lagerhinweis:","value":["Bei max. +8°C lagern."]},{"key":"Zutaten:","value":["Zutaten: VOLLMILCH (49%), SAHNE, Zucker, modifizierte Stärke, fettarmes Kakaopulver (0,8%), HASELNUSSMARK (0,5%), Schokoladenpulver (0,5%), Verdickungsmittel: Carrageen, Johannisbrotkernmehl; Calciumcitrat, Aroma. In Großbuchstaben angegebene Zutaten enthalten allergene Inhaltsstoffe."]},{"key":"Allergene:","value":["Enthält:Milch und daraus gewonnene Erzeugnisse (inkl. Laktose), Schalenfrüchte und daraus gewonnene Erzeugnisse"]},{"key":"","value":["ohne Konservierungsstoffe (lt. Gesetz)ohne Farbstoffeohne Gelatine"]},{"key":"","value":["Glutenfrei"]},{"key":"Identitätskennzeichen:","value":["DE BY 77721 EG"]},{"key":"Kontakt:","value":["Zott SE & Co. KG","Dr.-Steichele-Straße 2-4, 86690 Mertingen, Deutschland"]}],"nutritions":[{"key":"","value":"Unzubereitet"},{"key":" ","value":"100 g"},{"key":"Energie","value":"813 kJ | 195 kcal"},{"key":"Fett","value":"13,3 g"},{"key":"Fett, davon gesättigte Fettsäuren","value":"8,8 g"},{"key":"Kohlenhydrate","value":"15,9 g"},{"key":"Kohlenhydrate, davon Zucker","value":"13,7 g"},{"key":"Eiweiß","value":"2,8 g"},{"key":"Salz","value":"0,13 g"},{"key":"Vitamin A","value":"120 µg | 15 %"},{"key":"Kalzium","value":"120 mg | 15 %"}],"tags":["Glutenfrei"]},
    {"url":"https://www.interspar.at/shop/lebensmittel/p/7511967","data":[{"key":"price","value":"2,19 €"},{"key":"oldPrice","value":"\n\t\t\t\t\t\n\t\t\t\t\t \n\t\t\t\t"},{"key":"pricePerUnit","value":"(12.17 €/kg)"},{"key":"productDetailsName","value":"Bonta Divina - Profiteroles 2 x 90g - 180 G"},{"key":"detailsDescription","value":"180 G"},{"key":"articleNumber","value":"Artikelnummer: 7511967"},{"key":"Lagerhinweis:","value":["Kühl lagern (bis 7°C)."]},{"key":"Zutaten:","value":["Zutaten: MAGERMILCH, Glukosesirup, VOLLMILCH, EIGELB 6,4%, MAGERMILCHPULVER, SAHNE, Kokosöl, Schokoladenpulver 4,5%,(Zucker, Kakao 1,44%), Zucker, EIER WEIZENMEHL, Stabilisator, Sorbit, fettarmer Kakao, Alkohol, Zartbitterschokolade 0,7%,(Kakaomasse, Zucker, fettarmer Kakao, Kakaobutter, Emulgator: Lecithine (SOJA), gemahlene Vanilleschoten), Verdickungsmittel: Carrageen - Xanthan - Guarkernmehl - Johannisbrotkernmehl, Emulgator: Mono- und Diglyceride von Speisefettsäuren, Zucker, Wasser, Stärkemehl, Aroma, Salz, Backtriebmittel: Ammoniumcarbonate. Alkoholgehalt: 1,2%. In Großbuchstaben angegebene Zutaten enthalten allergene Inhaltsstoffe."]},{"key":"Allergene:","value":["Kann Spuren von Haselnüsse und Mandeln enthalten.","Kann Spuren enthalten von:Schalenfrüchte und daraus gewonnene Erzeugnisse","Enthält:Eier und daraus gewonnene Erzeugnisse, Glutenhaltiges Getreide und daraus hergestellte Erzeugnisse, Milch und daraus gewonnene Erzeugnisse (inkl. Laktose), Sojabohnen und daraus gewonnene Erzeugnisse"]},{"key":"","value":["Keine Farbstoffe. Geeignet für Vegetarier."]},{"key":"Kontakt:","value":["Sweet Port Services S.A.","Via Simen 3, 6904 Lugano, Schweiz"]}],"nutritions":[{"key":"","value":"Unzubereitet"},{"key":" ","value":"100 g"},{"key":"Energie","value":"1108 kJ | 265 kcal"},{"key":"Fett","value":"12 g"},{"key":"Fett, davon gesättigte Fettsäuren","value":"9 g"},{"key":"Kohlenhydrate","value":"29,6 g"},{"key":"Kohlenhydrate, davon Zucker","value":"19,9 g"},{"key":"Ballaststoffe","value":"2,3 g"},{"key":"Eiweiß","value":"6,3 g"},{"key":"Salz","value":"0,25 g"},{"key":"","value":"Unzubereitet"},{"key":" ","value":"Portion (90 g)"},{"key":"Energie","value":"997 kJ | 238 kcal"},{"key":"Fett","value":"10,8 g"},{"key":"Fett, davon gesättigte Fettsäuren","value":"8,1 g"},{"key":"Kohlenhydrate","value":"26,6 g"},{"key":"Kohlenhydrate, davon Zucker","value":"17,9 g"},{"key":"Ballaststoffe","value":"2,1 g"},{"key":"Eiweiß","value":"5,7 g"},{"key":"Salz","value":"0,23 g"}],"tags":[]},
    {"url":"https://www.interspar.at/shop/lebensmittel/p/7511998","data":[{"key":"price","value":"2,19 €"},{"key":"oldPrice","value":"\n\t\t\t\t\t\n\t\t\t\t\t \n\t\t\t\t"},{"key":"pricePerUnit","value":"(12.17 €/kg)"},{"key":"productDetailsName","value":"Bonta Divina - Tiramisu 2 x 90g - 180 G"},{"key":"detailsDescription","value":"180 G"},{"key":"articleNumber","value":"Artikelnummer: 7511998"},{"key":"Lagerhinweis:","value":["Kühl lagern bis +7°C."]},{"key":"Zutaten:","value":["Zutaten: MAGERMILCH, Glukossesirup, Wasser, Zucker, Frischkäse Mascarpone 6,9% (SAHNE, MILCH, Säureregulator: Milchsäure),Kokosöl, MAGERMICLHPULVER, EIGELB, EIER, WEIZENMEHL,Alkohol, Marsalawein 1,4%, Stabilisator: Sorbit, Dextrose,Instant Kaffee 0,5%, Kakao 0,5%, Emulgator: Mono- und Diglyceride von Speisefettsäuren, Verdickungsmittel: Carrageen, Xanthan, Guarkenmehl; Maisstärke, Aromen,natürlichen Aroma von Marsalawein, Kakaobutter, Backtriebmittel: Diphosphate, Natriumcarbonate. In Großbuchstaben angegebene Zutaten enthalten allergene Inhaltsstoffe."]},{"key":"Allergene:","value":["Enthält:Eier und daraus gewonnene Erzeugnisse, Glutenhaltiges Getreide und daraus hergestellte Erzeugnisse, Milch und daraus gewonnene Erzeugnisse (inkl. Laktose)"]},{"key":"","value":["ohne Farb- und Konservierungsstoffe"]},{"key":"Verwendungshinweis:","value":["Nach Entnahme aus dem Kühlschrank bitte sofort servieren."]},{"key":"Kontakt:","value":["Sweet Port Services S.A.","Via Simen 3, 6904 Lugano, Schweiz"]}],"nutritions":[{"key":"","value":"Unzubereitet"},{"key":" ","value":"100 g"},{"key":"Energie","value":"1073 kJ | 256 kcal"},{"key":"Fett","value":"11,1 g"},{"key":"Fett, davon gesättigte Fettsäuren","value":"8,6 g"},{"key":"Kohlenhydrate","value":"31 g"},{"key":"Kohlenhydrate, davon Zucker","value":"21,2 g"},{"key":"Ballaststoffe","value":"1,4 g"},{"key":"Eiweiß","value":"4,4 g"},{"key":"Salz","value":"0,13 g"},{"key":"","value":"Unzubereitet"},{"key":" ","value":"Portion (90 g)"},{"key":"Energie","value":"966 kJ | 231 kcal"},{"key":"Fett","value":"10 g"},{"key":"Fett, davon gesättigte Fettsäuren","value":"7,7 g"},{"key":"Kohlenhydrate","value":"27,9 g"},{"key":"Kohlenhydrate, davon Zucker","value":"19,1 g"},{"key":"Ballaststoffe","value":"1,3 g"},{"key":"Eiweiß","value":"4 g"},{"key":"Salz","value":"0,12 g"}],"tags":[]},
    {"url":"https://www.interspar.at/shop/lebensmittel/p/7512018","data":[{"key":"price","value":"2,19 €"},{"key":"oldPrice","value":"\n\t\t\t\t\t\n\t\t\t\t\t \n\t\t\t\t"},{"key":"pricePerUnit","value":"(12.17 €/kg)"},{"key":"productDetailsName","value":"Bonta Divina - Tartufo 2 x 90g - 180 G"},{"key":"detailsDescription","value":"180 G"},{"key":"articleNumber","value":"Artikelnummer: 7512018"},{"key":"Lagerhinweis:","value":["Kühl lagern (bis +7°C)."]},{"key":"Zutaten:","value":["Zutaten: MAGERMILCH, Glukosesirup, Kokosöl, Zucker, MAGERMILCHPULVER, EIGELB, Kakao 1,8%, Stabilisator: Sorbit, Alkohol, fettarmer Kakao 1,3%, Verdickungsmittel: Carragen, Xanthan, Guarkernmehl; Dextrose, Emulgator: Mono- und Diglyceride von Speisefettsäuren, Maisstärke, Kakaobutter, Aroma. In Großbuchstaben angegebene Zutaten enthalten allergene Inhaltsstoffe."]},{"key":"Allergene:","value":["Kann Spuren enthalten von:Glutenhaltiges Getreide und daraus hergestellte Erzeugnisse","Enthält:Eier und daraus gewonnene Erzeugnisse, Milch und daraus gewonnene Erzeugnisse (inkl. Laktose)"]},{"key":"Kontakt:","value":["Sweet Port Services S.A.","Via Simen 3, 6904 Lugano, Schweiz"]}],"nutritions":[{"key":"","value":"Unzubereitet"},{"key":" ","value":"100 g"},{"key":"Energie","value":"1040 kJ | 148 kcal"},{"key":"Fett","value":"11 g"},{"key":"Fett, davon gesättigte Fettsäuren","value":"8,9 g"},{"key":"Kohlenhydrate","value":"28,7 g"},{"key":"Kohlenhydrate, davon Zucker","value":"22,5 g"},{"key":"Ballaststoffe","value":"2,1 g"},{"key":"Eiweiß","value":"5,3 g"},{"key":"Salz","value":"0,18 g"},{"key":" ","value":"Portion (90 g)"}],"tags":[]},
    {"url":"https://www.interspar.at/shop/lebensmittel/p/7512605","data":[{"key":"price","value":"2,19 €"},{"key":"oldPrice","value":"\n\t\t\t\t\t\n\t\t\t\t\t \n\t\t\t\t"},{"key":"pricePerUnit","value":"(9.13 €/kg)"},{"key":"productDetailsName","value":"Bonta Divina - Panna Cotta Caramello 2 x 120g - 240 G"},{"key":"detailsDescription","value":"240 G"},{"key":"articleNumber","value":"Artikelnummer: 7512605"},{"key":"Lagerhinweis:","value":["Kühl lagern (bis +7°C)."]},{"key":"Zutaten:","value":["Zutaten: SAHNE (30,6%), Wasser, Glukosesirup, MAGERMILCHPULVER, Karamell 6,3% (Zucker, Wasser), Zucker, Stabilisator: Sorbit, Alkohol, Tapiocastärke, Verdickungsmittel: Agar-Agar, Tarakernmehl, Xanthan, Emulgator: Mono- und Diglyceride von Speisefettsäuren; Maisstärke, Aroma. Alkoholgehalt: 1,2%. Allergene: siehe die unterstrichenen Zutaten. In Großbuchstaben angegebene Zutaten enthalten allergene Inhaltsstoffe."]},{"key":"Allergene:","value":["Kann Spuren enthalten von:Eier und daraus gewonnene Erzeugnisse, Glutenhaltiges Getreide und daraus hergestellte Erzeugnisse","Enthält:Milch und daraus gewonnene Erzeugnisse (inkl. Laktose)"]},{"key":"","value":["ohne Farb- und Konservierungsstoffe"]},{"key":"Verwendungshinweis:","value":["Nach Entnahme aus dem Kühlschrank bitte sofort servieren."]},{"key":"Kontakt:","value":["Sweet Port Services S.A.","Via Simen 3, 6904 Lugano, Schweiz"]}],"nutritions":[{"key":"","value":"Unzubereitet"},{"key":" ","value":"100 g"},{"key":"Energie","value":"999 kJ | 239 kcal"},{"key":"Fett","value":"11 g"},{"key":"Fett, davon gesättigte Fettsäuren","value":"7,8 g"},{"key":"Kohlenhydrate","value":"29,4 g"},{"key":"Kohlenhydrate, davon Zucker","value":"20,2 g"},{"key":"Ballaststoffe","value":"1 g"},{"key":"Eiweiß","value":"2,9 g"},{"key":"Salz","value":"0,08 g"},{"key":"","value":"Unzubereitet"},{"key":" ","value":"Portion (120 g)"},{"key":"Energie","value":"1199 kJ | 287 kcal"},{"key":"Fett","value":"13,2 g"},{"key":"Fett, davon gesättigte Fettsäuren","value":"9,4 g"},{"key":"Kohlenhydrate","value":"35,3 g"},{"key":"Kohlenhydrate, davon Zucker","value":"24,2 g"},{"key":"Ballaststoffe","value":"1,2 g"},{"key":"Eiweiß","value":"3,5 g"},{"key":"Salz","value":"0,1 g"}],"tags":[]},
    {"url":"https://www.interspar.at/shop/lebensmittel/p/7949920","data":[{"key":"price","value":"3,29 €"},{"key":"oldPrice","value":"\n\t\t\t\t\t\n\t\t\t\t\t \n\t\t\t\t"},{"key":"pricePerUnit","value":"(25.31 €/kg)"},{"key":"productDetailsName","value":"GÜ - Schokoladen-Soufflés 2x65g - 130 G"},{"key":"detailsDescription","value":"130 G"},{"key":"articleNumber","value":"Artikelnummer: 7949920"},{"key":"Lagerhinweis:","value":["Kühl aufbewahren. Nicht einfrieren. Iss mich heiß."]},{"key":"Zutaten:","value":["Zutaten: Schokolade (36%) [Kakaomasse, Zucker, Kakaobutter, Emulgator: Lecithine (SOJA), natürliches Vanillearoma], pasteurisiertes VOLLEI, ungesalzene BUTTER, Zucker, pasteurisiertes EIGELB, Wasser, Stabilisatoren: Natriumalginat, Carrageen; Konservierungsstoff: Kaliumsorbat. In Großbuchstaben angegebene Zutaten enthalten allergene Inhaltsstoffe."]},{"key":"Allergene:","value":["Kann Spuren enthalten von:Schalenfrüchte und daraus gewonnene Erzeugnisse","Enthält:Eier und daraus gewonnene Erzeugnisse, Milch und daraus gewonnene Erzeugnisse (inkl. Laktose), Sojabohnen und daraus gewonnene Erzeugnisse"]},{"key":"Verwendungshinweis:","value":["Bitte Glas mit höchster Vorsicht handhaben."]},{"key":"Kontakt:","value":["Uplegger Food Company GmbH","Hans-Böckler-Straße 17, 30851 Langenhagen, Deutschland"]}],"nutritions":[{"key":"","value":"Unzubereitet"},{"key":" ","value":"100 g"},{"key":"Energie","value":"1878 kJ | 452 kcal"},{"key":"Fett","value":"34,8 g"},{"key":"Fett, davon gesättigte Fettsäuren","value":"19,9 g"},{"key":"Kohlenhydrate","value":"29,2 g"},{"key":"Kohlenhydrate, davon Zucker","value":"25,5 g"},{"key":"Ballaststoffe","value":"1,8 g"},{"key":"Eiweiß","value":"6,5 g"},{"key":"Salz","value":"0,2 g"}],"tags":[]},
    {"url":"https://www.interspar.at/shop/lebensmittel/p/7950179","data":[{"key":"price","value":"3,29 €"},{"key":"oldPrice","value":"\n\t\t\t\t\t\n\t\t\t\t\t \n\t\t\t\t"},{"key":"pricePerUnit","value":"(18.28 €/kg)"},{"key":"productDetailsName","value":"GÜ - Schoko Vanille Cheesecake 2 x 90g - 180 G"},{"key":"detailsDescription","value":"180 G"},{"key":"articleNumber","value":"Artikelnummer: 7950179"},{"key":"Lagerhinweis:","value":["Bitte Glas mit höchster Vorsicht handhaben. Kühl aufbewahren. Nicht einfrieren."]},{"key":"Zutaten:","value":["Zutaten: Käsekuchen (37%): Vollfett-Frischkäse (17%) (SAHNE, Wasser, MILCHEIWEISSPULVER, modifizierte Stärke, Starterkultur, Meersalz, Konservierungsstoff: Kaliumsorbat), SCHLAGSAHNE, Zucker, pasteurisiertes VOLLEI, Speisestärke, Wasser, Bourbon-Vanille-Extrakt mit Vanillemark, Konservierungsstoff: Kaliumsorbat, Säureregulator: Citronensäure. Ganache (37%): SCHLAGSAHNE (55%), Zartbitterschokolade (11%) (Kakaomasse, Zucker, Kakaobutter, Emulgator: Lecithine (SOJA), natürliches Vanillearoma), Milchschokolade (4%) (Zucker, Kakaobutter, VOLLMILCHPULVER, Kakaomasse, Emulgator: (SOJA), natürliches Vanillearoma), Glukosesirup, Wasser, Konservierungsstoff: Kaliumsorbat. Schokoladen-Biskuitboden (26%): Schokoladen-Biskuitkrümel (angereichertes WEIZENMEHL (WEIZENMEHL, Calciumcarbonat, Elementares Eisen, Nicotinamid, Thiaminmononitrat), pflanzliche Öle (Rapsöl und nachhaltiges Palmöl), Zucker, Kakaopulver (1%), Zuckersirup, Backtriebmittel: Natriumhydrogencarbonat, Salz), Demerara-Zucker, pflanzliche Öle (Rapsöl und nachhaltiges Palmöl), Kakaopulver (0,6%). In Großbuchstaben angegebene Zutaten enthalten allergene Inhaltsstoffe."]},{"key":"Allergene:","value":["Kann Spuren enthalten von:Schalenfrüchte und daraus gewonnene Erzeugnisse","Enthält:Eier und daraus gewonnene Erzeugnisse, Glutenhaltiges Getreide und daraus hergestellte Erzeugnisse, Milch und daraus gewonnene Erzeugnisse (inkl. Laktose), Sojabohnen und daraus gewonnene Erzeugnisse"]},{"key":"Verwendungshinweis:","value":["Iss mich kalt."]},{"key":"Kontakt:","value":["Uplegger Food Company GmbH","Hans-Böckler-Straße 17, 30851 Langenhagen, Deutschland"]}],"nutritions":[{"key":"","value":"Unzubereitet"},{"key":" ","value":"100 g"},{"key":"Energie","value":"1675 kJ | 402 kcal"},{"key":"Fett","value":"27,3 g"},{"key":"Fett, davon gesättigte Fettsäuren","value":"15 g"},{"key":"Kohlenhydrate","value":"35,9 g"},{"key":"Kohlenhydrate, davon Zucker","value":"23,1 g"},{"key":"Ballaststoffe","value":"1,9 g"},{"key":"Eiweiß","value":"4,2 g"},{"key":"Salz","value":"0,2 g"},{"key":"Fett, davon Cholesterin","value":"0,3 g"}],"tags":[]},
    {"url":"https://www.interspar.at/shop/lebensmittel/p/7950230","data":[{"key":"price","value":"3,29 €"},{"key":"oldPrice","value":"\n\t\t\t\t\t\n\t\t\t\t\t \n\t\t\t\t"},{"key":"pricePerUnit","value":"(18.28 €/kg)"},{"key":"productDetailsName","value":"GÜ - Zitronen Cheesecakes 2 x 90g - 180 G"},{"key":"detailsDescription","value":"180 G"},{"key":"articleNumber","value":"Artikelnummer: 7950230"},{"key":"Lagerhinweis:","value":["Bitte Glas mit höchster Vorsicht handhaben. Kühl aufbewahren. Nicht einfrieren. Iss mich kalt."]},{"key":"Zutaten:","value":["Zutaten: Zitronen-Käsekuchen (59%): Vollfett-Frischkäse (26%) (SAHNE, Wasser, MILCHEIWEISSPULVER, modifizierte Stärke, Starterkultur, Meersalz, Konservierungsstoff: Kaliumsorbat, SCHLAGSAHNE, Zucker, pasteurisiertes VOLLEI, Zitronensaft (2%), Speisestärke, Wasser, Zitronenschale (0,4%), Säureregulator: Citronensäure, Konservierungsstoff: Kaliumsorbat. Zitronenquark (16%): Zucker, pasteurisiertes VOLLEI, BUTTER, pflanzliche Öle (Rapsöl und nachhaltiges Palmöl), Zitronensaft (2%), pasteurisiertes EIGELB, modifizierte Maisstärke, Wasser, Säureregulator: Citronensäure, Konservierungsstoff: Kaliumsorbat. Biskuitboden (25%): Biskuitkrümel (angereichertes WEIZENMEHL (Weizenmehl, Calciumcarbonat, Elementares Eisen, Nicotinamid, Thiaminmononitrat), pflanzliche Öle (Rapsöl und nachhaltiges Palmöl), Zucker, VOLLKORNMEHL, Backtriebmittel: Natriumhydrogencarbonat, Ammoniumbicarbonat, Invertzuckersirup, Salz), pflanzliche Öle (Rapsöl und nachhaltiges Palmöl), Demerara-Zucker. In Großbuchstaben angegebene Zutaten enthalten allergene Inhaltstoffe."]},{"key":"Allergene:","value":["Kann Spuren von Schalenfrüchten enthalten.","Kann Spuren enthalten von:Schalenfrüchte und daraus gewonnene Erzeugnisse","Enthält:Eier und daraus gewonnene Erzeugnisse, Glutenhaltiges Getreide und daraus hergestellte Erzeugnisse, Milch und daraus gewonnene Erzeugnisse (inkl. Laktose)"]},{"key":"Kontakt:","value":["Uplegger Food Company GmbH","Hans-Böckler-Straße 17, 30851 Langenhagen, Deutschland"]}],"nutritions":[{"key":"","value":"Unzubereitet"},{"key":" ","value":"100 g"},{"key":"Energie","value":"1517 kJ | 364 kcal"},{"key":"Fett","value":"23,6 g"},{"key":"Fett, davon gesättigte Fettsäuren","value":"12,5 g"},{"key":"Kohlenhydrate","value":"33,9 g"},{"key":"Kohlenhydrate, davon Zucker","value":"23,6 g"},{"key":"Ballaststoffe","value":"0,6 g"},{"key":"Eiweiß","value":"3,7 g"},{"key":"Salz","value":"0,4 g"},{"key":"Fett, davon Cholesterin","value":"0,3 mg"}],"tags":[]},
    {"url":"https://www.interspar.at/shop/lebensmittel/p/8087171","data":[{"key":"price","value":"3,29 €"},{"key":"oldPrice","value":"\n\t\t\t\t\t\n\t\t\t\t\t \n\t\t\t\t"},{"key":"pricePerUnit","value":"(17.98 €/kg)"},{"key":"productDetailsName","value":"GÜ - Karamell-Schoko.-Cheesecakes 2 x 91,5g - 183 G"},{"key":"detailsDescription","value":"183 G"},{"key":"articleNumber","value":"Artikelnummer: 8087171"},{"key":"Lagerhinweis:","value":["Kühl aufbewahren. Nicht einfrieren. Iss mich kalt."]},{"key":"Zutaten:","value":["Zutaten: Käsekuchen mit Sirup (32,7%): SCHLAGSAHNE, MASCARPONE (7%) (SAHNE 40% Fett, MILCHEIWEISSPULVER, Säureregulator: Citronensäure), Vollfett-FRISCHKÄSE (6%) (SAHNE, Wasser, MILCHEIWEISSPULVER, modifizierte Stärke, Kultur, Meersalz, Konservierungsstoff: Kaliumsorbat), Zucker, Wasser, schwarze Melasse (0,8%) (Zuckerrohrmelasse, Invertzuckersirup), pasteurisiertes EIgelb, Gelatine, Konservierungsstoff: Kaliumsorbat. Keksbasis(21,9%): Schokoladen-Biskuitkrümel (angereichertes WEIZENMEHL (WEIZENMEHL, Calciumcarbonat, Eisen, Niacin, Thiamin), Pflanzenöl (Rapsöl und Palmöl), Zucker, Kakaopulver, Zuckersirup, Backtriebmittel: Natriumhydrogencarbonat, Salz), Demerara-Zucker, pflanzliche Öle (Rapsöl, Palmöl). Guérande gesalzenes Karamell (21,9%): Guérande gesalzenes Karamell (Glukose-Fruktose-Sirup, Zucker, gezuckerte KondensMILCH, SAHNE, gesalzene BUTTER, Guérande Salz (1,6%), Wasser, Stabilisator: Pektin), MILCH. Schokoladen-Ganache (21,9%): Schokolade (7%) (Kakaomasse, Zucker, Kakaobutter, Emulgator: Lecithine (SOJA), natürliches Vanillearoma), SCHLAGSAHNE, SAHNE, Milchschokolade (3%) (Zucker, Kakaobutter, VOLLMILCHPULVER, Kakaomasse, Emulgator: Lecithine (SOJA), natürliches Vanillearoma), Glukosesirup, Wasser, Konservierungsstoff: Kaliumsorbat. Goldzucker(1,6%): Zucker, Glukosesirup, Wasser, Farbstoffe: Titandioxid, Eisenoxide, Überzugsmittel: Schellack.In Großbuchstaben angegebene Zutaten enthalten allergene Inhaltstoffe."]},{"key":"Allergene:","value":["Kann Spuren enthalten von:Schalenfrüchte und daraus gewonnene Erzeugnisse","Enthält:Eier und daraus gewonnene Erzeugnisse, Glutenhaltiges Getreide und daraus hergestellte Erzeugnisse, Milch und daraus gewonnene Erzeugnisse (inkl. Laktose), Sojabohnen und daraus gewonnene Erzeugnisse"]},{"key":"Identitätskennzeichen:","value":["GÜ Puds/Noble Desserts Holding Ltd. Großbritannien"]},{"key":"Verwendungshinweis:","value":["Bitte Glas mit höchster Vorsicht handhaben."]},{"key":"Kontakt:","value":["Uplegger Food Company GmbH","Hans-Böckler-Straße 17, 30851 Langenhagen, Deutschland"]}],"nutritions":[{"key":"","value":"Unzubereitet"},{"key":" ","value":"100 g"},{"key":"Energie","value":"1704 kJ | 408 kcal"},{"key":"Fett","value":"26 g"},{"key":"Fett, davon gesättigte Fettsäuren","value":"14,2 g"},{"key":"Fett, davon einfach ungesättigte Fettsäuren","value":"7,99 g"},{"key":"Fett, davon mehrfach ungesättigte Fettsäuren","value":"1,81 g"},{"key":"Kohlenhydrate","value":"40 g"},{"key":"Kohlenhydrate, davon Zucker","value":"32,3 g"},{"key":"Ballaststoffe","value":"1,4 g"},{"key":"Eiweiß","value":"2 g"},{"key":"Salz","value":"0,02 g"}],"tags":[]},
    {"url":"https://www.interspar.at/shop/lebensmittel/p/1000023","data":[{"key":"price","value":"3,29 €"},{"key":"oldPrice","value":"\n\t\t\t\t\t\n\t\t\t\t\t \n\t\t\t\t"},{"key":"pricePerUnit","value":"(19.35 €/kg)"},{"key":"productDetailsName","value":"GÜ - Schokoladen Banoffees 2x85g - 170 G"},{"key":"detailsDescription","value":"170 G"},{"key":"articleNumber","value":"Artikelnummer: 1000023"},{"key":"Lagerhinweis:","value":["Kühl aufbewahren. Nicht einfrieren. Iss mich kalt."]},{"key":"Zutaten:","value":["Zutaten: Ganache (30%): SchlagSAHNE, Schokolade (8,4%) (Kakaomasse, Zucker, Kakaobutter, Emulgator (SOJAlecithine), Vanille), Milchschokolade (3,5%) (Zucker, Kakaobutter, VollMILCHpulver, Kakaomasse, Emulgator (SOJAlecithine), Vanille), Glukosesirup, Wasser, Konservierungsstoff (Kaliumsorbat). Mascarpone-Käsekuchen (28%): Mascarpone (6,5%) (SAHNE, MILCHEIWEIßpulver, Säureregulator (Citronensäure)), Vollfett-Frischkäse (6%) (SAHNE, Wasser, MILCHEIWEißpulver, modifizierte Stärke, Starterkultur, Meersalz, Konservierungsstoff (Kaliumsorbat)), Zucker, Wasser, pasteurisiertes EIGELB, Gelatine (Rind), Konservierungsstoff (Kaliumsorbat). Bananen-Karamell (21%): Bananenpüree (13%) (Banane, Antioxidationsmittel (Ascorbinsäure), Dulce de Leche (7,9%) (VollMILCH, Zucker, Glukose, Backtriebmittel (Natriumhydrogencarbonat), Vanille). Biskuitboden (21%): Biskuitkrümel (angereichertes WEIZENMEHL (Weizenmehl, Calciumcarbonat, Elementares Eisen, Nicotinamid, Thiaminmononitrat), VOLLKORNMEHL, pflanzliche Öle (Rapsöl und nachhaltiges Palmöl), Zucker, Invertzuckersirup, Backtriebmittel (Natriumhydrogencarbonat, Ammoniumbicarbonat), Salz), pflanzliche Öle (Rapsöl und nachhaltiges Palmöl), Demerara-Zucker. In Großbuchstaben angegebene Zutaten enthalten allergene Inhaltstoffe."]},{"key":"Allergene:","value":["Produkt enthält Milch, Soja, Ei, Gluten. Kann Spuren von Schalenfrüchten (Nüsse) enthalten.","Kann Spuren enthalten von:Schalenfrüchte und daraus gewonnene Erzeugnisse","Enthält:Eier und daraus gewonnene Erzeugnisse, Glutenhaltiges Getreide und daraus hergestellte Erzeugnisse, Milch und daraus gewonnene Erzeugnisse (inkl. Laktose), Sojabohnen und daraus gewonnene Erzeugnisse"]},{"key":"Identitätskennzeichen:","value":["GÜ  Puds/Noble Desserts Holding Ltd. Großbritannien"]},{"key":"Verwendungshinweis:","value":["Bitte Glas mit höchster Vorsicht handhaben."]},{"key":"Kontakt:","value":["Uplegger Food Company GmbH","Hans-Böckler-Straße 17, 30851 Langenhagen, Deutschland"]}],"nutritions":[{"key":"","value":"Unzubereitet"},{"key":" ","value":"100 g"},{"key":"Energie","value":"1566 kJ | 376 kcal"},{"key":"Fett","value":"24,9 g"},{"key":"Fett, davon gesättigte Fettsäuren","value":"13,8 g"},{"key":"Kohlenhydrate","value":"34,8 g"},{"key":"Kohlenhydrate, davon Zucker","value":"24,6 g"},{"key":"Ballaststoffe","value":"1,1 g"},{"key":"Eiweiß","value":"3,8 g"},{"key":"Salz","value":"0,2 g"}],"tags":[]},
    {"url":"https://www.interspar.at/shop/lebensmittel/p/5162239","data":[{"key":"price","value":"0,75 €"},{"key":"oldPrice","value":"\n\t\t\t\t\t\n\t\t\t\t\t \n\t\t\t\t"},{"key":"pricePerUnit","value":"(1.50 €/l)"},{"key":"productDetailsName","value":"NÖM - Sauermilch 3,5 % Fett - 0,5 L"},{"key":"detailsDescription","value":"0,5 L"},{"key":"articleNumber","value":"Artikelnummer: 5162239"},{"key":"Lagerhinweis:","value":["Gekühlt (+ 3-9°C) lagern und nach dem Öffnen innerhalb von 2-3 Tagen verbrauchen."]},{"key":"Zutaten:","value":["Zutaten: SAUERMILCH mit 3,5% Fett. In Großbuchstaben angegebene Zutaten enthalten allergene Inhaltsstoffe."]},{"key":"Allergene:","value":["Enthält:Milch und daraus gewonnene Erzeugnisse (inkl. Laktose)"]},{"key":"Identitätskennzeichen:","value":["AT 30960 EG"]},{"key":"Verbrauchen nach dem Öffnen:","value":["2 Tage"]},{"key":"Kontakt:","value":["NÖM AG","Vöslauer Straße 109, 2500 Baden, Österreich","0800 800 500"]}],"nutritions":[{"key":"","value":"Unzubereitet"},{"key":" ","value":"100 ml"},{"key":"Energie","value":"252 kJ | 60 kcal | 3 %"},{"key":"Fett","value":"3,5 g | 5 %"},{"key":"Fett, davon gesättigte Fettsäuren","value":"2,1 g | 11 %"},{"key":"Kohlenhydrate","value":"3,9 g | 2 %"},{"key":"Kohlenhydrate, davon Zucker","value":"3,9 g | 4 %"},{"key":"Eiweiß","value":"3,3 g | 7 %"},{"key":"Salz","value":"0,1 g | 2 %"}],"tags":[]},
    {"url":"https://www.interspar.at/shop/lebensmittel/p/2020001196869","data":[{"key":"price","value":"0,39 €"},{"key":"oldPrice","value":"\n\t\t\t\t\t\n\t\t\t\t\t \n\t\t\t\t"},{"key":"pricePerUnit","value":"(1.56 €/kg)"},{"key":"productDetailsName","value":"SPAR - Heumilch Naturjogurt 1% Fett - 250 G"},{"key":"detailsDescription","value":"250 G"},{"key":"articleNumber","value":"Artikelnummer: 2020001196869"},{"key":"Lagerhinweis:","value":["Vor und nach dem Öffnen bei 3-6°C lagern. Nach dem Öffnen alsbald verbrauchen."]},{"key":"Allergene:","value":["Enthält:Milch und daraus gewonnene Erzeugnisse (inkl. Laktose)"]},{"key":"Identitätskennzeichen:","value":["AT 70149 EG"]},{"key":"Ursprungsland/Herkunftsort:","value":["Qualität aus Österreich"]},{"key":"Kontakt:","value":["SPAR Österr. Warenhandels AG","Europastrasse 3, 5015 Salzburg, Österreich","office@spar.at"]}],"nutritions":[{"key":" ","value":"100 g"},{"key":"Energie","value":"214 kJ | 51 kcal"},{"key":"Fett","value":"1 g"},{"key":"Fett, davon gesättigte Fettsäuren","value":"0,6 g"},{"key":"Kohlenhydrate","value":"6,1 g"},{"key":"Kohlenhydrate, davon Zucker","value":"6,1 g"},{"key":"Ballaststoffe","value":"0 g"},{"key":"Eiweiß","value":"4,3 g"},{"key":"Salz","value":"0,13 g"},{"key":"Broteinheiten","value":"0,5 BE"}],"tags":[]},
    {"url":"https://www.interspar.at/shop/lebensmittel/p/112772","data":[{"key":"price","value":"0,49 €"},{"key":"oldPrice","value":"\n\t\t\t\t\t\n\t\t\t\t\t \n\t\t\t\t"},{"key":"pricePerUnit","value":"(2.45 €/kg)"},{"key":"productDetailsName","value":"Hochwald - Kaffeesahne 12% Fett - 200 G"},{"key":"detailsDescription","value":"200 G"},{"key":"articleNumber","value":"Artikelnummer: 112772"},{"key":"Lagerhinweis:","value":["Nach dem Öffnen gekühlt aufbewahren."]},{"key":"Zutaten:","value":["Zutaten: KAFFEESAHNE. In Großbuchstaben angegebene Zutaten enthalten allergene Inhaltsstoffe."]},{"key":"Allergene:","value":["Enthält:Milch und daraus gewonnene Erzeugnisse (inkl. Laktose)"]},{"key":"Identitätskennzeichen:","value":["DE NW 402 EG"]},{"key":"Verwendungshinweis:","value":["Vor Gebrauch schütteln. Öffnen: Kräftig auf Lasche (PRESS) drücken, dann Lasche hochklappen."]},{"key":"Kontakt:","value":["Hochwald Foods GmbH","Bahnhofstraße 37-43, 54424 Thalfang, Deutschland"]}],"nutritions":[{"key":"","value":"Unzubereitet"},{"key":" ","value":"100 g"},{"key":"Energie","value":"561 kJ | 136 kcal"},{"key":"Fett","value":"12 g"},{"key":"Fett, davon gesättigte Fettsäuren","value":"7,4 g"},{"key":"Kohlenhydrate","value":"3,9 g"},{"key":"Kohlenhydrate, davon Zucker","value":"3,9 g"},{"key":"Eiweiß","value":"3 g"},{"key":"Salz","value":"0,1 g"}],"tags":[]},
    {"url":"https://www.interspar.at/shop/lebensmittel/p/2020000720171","data":[{"key":"price","value":"0,75 €"},{"key":"oldPrice","value":"\n\t\t\t\t\t\n\t\t\t\t\t \n\t\t\t\t"},{"key":"pricePerUnit","value":"(3.75 €/kg)"},{"key":"productDetailsName","value":"NÖM Fru Fru - gerührte Vanille-Sauermilch Maroni - 200 G"},{"key":"detailsDescription","value":"200 G"},{"key":"articleNumber","value":"Artikelnummer: 2020000720171"},{"key":"Lagerhinweis:","value":["gekühlt (3-9°C) lagern."]},{"key":"Zutaten:","value":["Zutaten: SAUERMILCH aus gentechnikfreier MILCH**, Wasser, Zucker, 5% Maronipüree, Glukose-Fruktosesirup, modifizierte Stärke (Mais), Stabilisator: Pektine, Säuerungsmittel: Citronensäure, Säureregulatoren: Natriumcitrat, Calciumcitrat; Vanilleschotenextrakt, Farbstoff: Carotin, Aroma.**laut Definition des Österreichischen Lebensmittelcodex für gentechnikfreie Produktion; Kontrolle durch agroVet GmbH. In Großbuchstaben angegebene Zutaten enthalten allergene Inhaltstoffe."]},{"key":"Allergene:","value":["Enthält:Milch und daraus gewonnene Erzeugnisse (inkl. Laktose)"]},{"key":"Identitätskennzeichen:","value":["AT 30960 EG"]},{"key":"Kontakt:","value":["NÖM AG","Vöslauer Straße 109, 2500 Baden, Austria","www.noem.at","0800 800 500"]}],"nutritions":[{"key":" ","value":"100 g"},{"key":"","value":"Unzubereitet"},{"key":"Energie","value":"478 kJ | 113 kcal | 6 %"},{"key":"Fett","value":"2,4 g | 3 %"},{"key":"Fett, davon gesättigte Fettsäuren","value":"1,4 g | 7 %"},{"key":"Kohlenhydrate","value":"19,1 g | 7 %"},{"key":"Kohlenhydrate, davon Zucker","value":"14,9 g | 17 %"},{"key":"Eiweiß","value":"3,1 g | 6 %"},{"key":"Salz","value":"0,1 g | 2 %"},{"key":" ","value":"Portion (200 g)"},{"key":"","value":"Unzubereitet"},{"key":"Energie","value":"956 kJ | 226 kcal"},{"key":"Fett","value":"4,8 g"},{"key":"Fett, davon gesättigte Fettsäuren","value":"2,8 g"},{"key":"Kohlenhydrate","value":"38,2 g"},{"key":"Kohlenhydrate, davon Zucker","value":"29,8 g"},{"key":"Eiweiß","value":"6,4 g"},{"key":"Salz","value":"0,2 g"}],"tags":[]},
    {"url":"https://www.interspar.at/shop/lebensmittel/p/2020000998754","data":[{"key":"price","value":"0,69 €"},{"key":"oldPrice","value":"\n\t\t\t\t\t\n\t\t\t\t\t \n\t\t\t\t"},{"key":"pricePerUnit","value":"(6.00 €/kg)"},{"key":"productDetailsName","value":"jo&go - joghurtsnack Erdbeer-Limette - 115 G"},{"key":"detailsDescription","value":"115 G"},{"key":"articleNumber","value":"Artikelnummer: 2020000998754"},{"key":"Lagerhinweis:","value":["Gekühlt bei +3°C bis +9°C lagern."]},{"key":"Zutaten:","value":["Zutaten: Teilentrahmtes JOGHURT, Zucker, (3%) Erdbeersaft aus Konzentrat, (2%) Limettensaft aus Konzentrat, Rote Beete Saftkonzentrat, Tapiokastärke, Aromen, Stabilisator: Johannisbrotkernmehl. In Großbuchstaben angegebene Zutaten enthalten allergene Inhaltstoffe."]},{"key":"Allergene:","value":["Enthält:Milch und daraus gewonnene Erzeugnisse (inkl. Laktose)"]},{"key":"Identitätskennzeichen:","value":["AT 40443EG"]},{"key":"Kontakt:","value":["Machland Gmbh","Oberwagram 30, 4331 Naarn, Österreich"]}],"nutritions":[{"key":"","value":"Unzubereitet"},{"key":" ","value":"100 g"},{"key":"Energie","value":"311 kJ | 74 kcal"},{"key":"Fett","value":"0,9 g"},{"key":"Fett, davon gesättigte Fettsäuren","value":"0,6 g"},{"key":"Kohlenhydrate","value":"12 g"},{"key":"Kohlenhydrate, davon Zucker","value":"11 g"},{"key":"Eiweiß","value":"4,7 g"},{"key":"Salz","value":"0,09 g"}],"tags":[]},
    {"url":"https://www.interspar.at/shop/lebensmittel/p/2020000998778","data":[{"key":"price","value":"0,69 €"},{"key":"oldPrice","value":"\n\t\t\t\t\t\n\t\t\t\t\t \n\t\t\t\t"},{"key":"pricePerUnit","value":"(6.00 €/kg)"},{"key":"productDetailsName","value":"jo&go - joghurtsnack Himbeer-Melone - 115 G"},{"key":"detailsDescription","value":"115 G"},{"key":"articleNumber","value":"Artikelnummer: 2020000998778"},{"key":"Lagerhinweis:","value":["Gekühlt bei +3°C bis +9°C lagern."]},{"key":"Zutaten:","value":["Zutaten: Teilentrahmtes JOGHURT, Zucker, (2,5%) Wassermelonensaft aus Konzentrat, Tapiokastärke, (2,5%) Himbeersaft aus Konzentrat, Rote Beete Saftkonzentrat, natürliche Aromen, Stabilisator: Johannisbrotkernmehl. In Großbuchstaben angegebene Zutaten enthalten allergene Inhaltstoffe."]},{"key":"Allergene:","value":["Enthält:Milch und daraus gewonnene Erzeugnisse (inkl. Laktose)"]},{"key":"Identitätskennzeichen:","value":["AT 40443EG"]},{"key":"Kontakt:","value":["Machland Gmbh","Oberwagram 30, 4331 Naarn, Österreich"]}],"nutritions":[{"key":"","value":"Unzubereitet"},{"key":" ","value":"100 g"},{"key":"Energie","value":"311 kJ | 74 kcal"},{"key":"Fett","value":"0,9 g"},{"key":"Fett, davon gesättigte Fettsäuren","value":"0,6 g"},{"key":"Kohlenhydrate","value":"12 g"},{"key":"Kohlenhydrate, davon Zucker","value":"11 g"},{"key":"Eiweiß","value":"4,7 g"},{"key":"Salz","value":"0,09 g"}],"tags":[]},
    {"url":"https://www.interspar.at/shop/lebensmittel/p/2020001038190","data":[{"key":"price","value":"0,69 €"},{"key":"oldPrice","value":"\n\t\t\t\t\t\n\t\t\t\t\t \n\t\t\t\t"},{"key":"pricePerUnit","value":"(9.86 €/kg)"},{"key":"productDetailsName","value":"Danone Fruchtzwerge go! - Erdbeere - 70 G"},{"key":"detailsDescription","value":"70 G"},{"key":"articleNumber","value":"Artikelnummer: 2020001038190"},{"key":"Lagerhinweis:","value":["Kühl bei maximal + 8 °C lagern."]},{"key":"Zutaten:","value":["Zutaten: JOGHURT, Zucker, Erdbeeren, Stärke, modifizierte Stärke, Calciumcitrat, Verdickungsmittel Guarkernmehl, natürliches Aroma, färbendes Rote Beete Saftkonzentrat, Vitamin D. In Großbuchstaben angegebene Zutaten enthalten allergene Inhaltsstoffe."]},{"key":"Allergene:","value":["Enthält:Milch und daraus gewonnene Erzeugnisse (inkl. Laktose)"]},{"key":"","value":["Mit Vitamin D angereichert."]},{"key":"Identitätskennzeichen:","value":["DE-MV-001-EG"]},{"key":"Kontakt:","value":["Danone GmbH","Technologiestraße 10, 1120 Wien, Österreich"]}],"nutritions":[{"key":"","value":"Unzubereitet"},{"key":" ","value":"100 g"},{"key":"Energie","value":"372 kJ | 88 kcal | 4 %"},{"key":"Fett","value":"2,8 g | 4 %"},{"key":"Fett, davon gesättigte Fettsäuren","value":"1,8 g | 9 %"},{"key":"Kohlenhydrate","value":"12,2 g | 5 %"},{"key":"Kohlenhydrate, davon Zucker","value":"10,5 g | 12 %"},{"key":"Eiweiß","value":"3,6 g | 7 %"},{"key":"Salz","value":"0,12 g | 2 %"},{"key":"Vitamin D","value":"1,25 µg | 25 %"},{"key":"Kalzium","value":"180 mg | 23 %"}],"tags":["Glutenfrei"]},
    {"url":"https://www.interspar.at/shop/lebensmittel/p/2020001116621","data":[{"key":"price","value":"0,99 €"},{"key":"oldPrice","value":"\n\t\t\t\t\t\n\t\t\t\t\t \n\t\t\t\t"},{"key":"pricePerUnit","value":"(9.90 €/kg)"},{"key":"productDetailsName","value":"MinusL - Kaffeesahne laktosefrei 10 x 10g - 100 G"},{"key":"detailsDescription","value":"100 G"},{"key":"articleNumber","value":"Artikelnummer: 2020001116621"},{"key":"Zutaten:","value":["Zutaten: KAFFEESAHNE 10% Fett, Laktase. In Großbuchstaben angegebene Zutaten enthalten allergene Inhaltsstoffe."]},{"key":"Allergene:","value":["Enthält:Milch und daraus gewonnene Erzeugnisse (inkl. Laktose)"]},{"key":"","value":["Laktosefrei"]},{"key":"Identitätskennzeichen:","value":["DE BY 21111 EG"]},{"key":"Kontakt:","value":["Omira GmbH","Jahnstraße 10, 88214 Ravensburg, Deutschland"]}],"nutritions":[{"key":"","value":"Unzubereitet"},{"key":" ","value":"100 g"},{"key":"Energie","value":"491 kJ | 118 kcal"},{"key":"Fett","value":"10 g"},{"key":"Fett, davon gesättigte Fettsäuren","value":"6,5 g"},{"key":"Kohlenhydrate","value":"4 g"},{"key":"Kohlenhydrate, davon Zucker","value":"4 g"},{"key":"Ballaststoffe","value":"0 g"},{"key":"Eiweiß","value":"3,1 g"},{"key":"Salz","value":"0,1 g"}],"tags":["Lactosefrei"]},
    {"url":"https://www.interspar.at/shop/lebensmittel/p/2020001601448","data":[{"key":"price","value":"1,49 €"},{"key":"oldPrice","value":"\n\t\t\t\t\t\n\t\t\t\t\t \n\t\t\t\t"},{"key":"pricePerUnit","value":"(6.62 €/kg)"},{"key":"productDetailsName","value":"Rama - 100% pflanzlich mit Rapsöl - 225 G"},{"key":"detailsDescription","value":"225 G"},{"key":"articleNumber","value":"Artikelnummer: 2020001601448"},{"key":"Lagerhinweis:","value":["zwischen +2° und +10° lagern."]},{"key":"Zutaten:","value":["Zutaten: pflanzliche Öle und Fette (39% Raps, Palm), Trinkwasser, Emulgatoren: Mono- und Diglyceride von Speisefettsäuren, LECITHINE; Speisesalz (0,3%), Säuerungsmittel: Citronensäure, natürliches Aroma, Farbstoff: Carotine.In Großbuchstaben angegebene Zutaten enthalten allergene Inhaltsstoffe."]},{"key":"Allergene:","value":["Enthält:Sojabohnen und daraus gewonnene Erzeugnisse"]},{"key":"","value":["100% pflanzlich, VEBU vegan Logo, Unilever setzt sich für nachhaltiges Palmöl ein. Infos unter www.unilever.de(.at)(.ch)/nachhaltigkeit, mit hochwertigem Rapsöl, ohne künstliche Farbstoffe, milch- und laktosefrei, ohne Konservierungsstoffe."]},{"key":"Kontakt:","value":["Unilever Austria GmbH","Stella-Klein-Löw-Weg 13, 1023 Wien, Österreich"]}],"nutritions":[{"key":"","value":"Unzubereitet"},{"key":" ","value":"100 g"},{"key":"Energie","value":"2241 kJ | 535 kcal"},{"key":"Fett","value":"61 g"},{"key":"Fett, davon gesättigte Fettsäuren","value":"18 g"},{"key":"Kohlenhydrate","value":"< 0,5 g"},{"key":"Kohlenhydrate, davon Zucker","value":"< 0,5 g"},{"key":"Eiweiß","value":"< 0,5 g"},{"key":"Salz","value":"0,31 g"}],"tags":["Vegan"]},
    {"url":"https://www.interspar.at/shop/lebensmittel/p/2020001699124","data":[{"key":"price","value":"0,79 €"},{"key":"oldPrice","value":"\n\t\t\t\t\t\n\t\t\t\t\t \n\t\t\t\t"},{"key":"pricePerUnit","value":"(6.08 €/kg)"},{"key":"productDetailsName","value":"Bauer Leibniz - Hofspass Erdbeere - 130 G"},{"key":"detailsDescription","value":"130 G"},{"key":"articleNumber","value":"Artikelnummer: 2020001699124"},{"key":"Lagerhinweis:","value":["Bei +8°C lagern."]},{"key":"Zutaten:","value":["Zutaten: fettarmer JOGHURT mild, Butterkekse (WEIZENMEHL, Zucker, 14% BUTTER, Glukose-Fruktose-Sirup, MOLKENERZEUGNIS, Salz, Backtriebmittel: Natriumcarbonate; Säureregulator: Citronensäure; Aroma), Erdbeerzubereitung (60% Erdbeeren, Zucker, modifizierte Stärke, färbendes Pflanzenkonzentrat; Rote Bete; natürliches Aroma, Verdickungsmittel: Johannisbrotkernmehl), Zucker.  Die Butterkekse können Spuren von Ei, Schalenfrüchten, Soja, Erdnüssen und Sesam enthalten. In Großbuchstaben angegebene Zutaten enthalten allergene Inhaltstoffe."]},{"key":"Allergene:","value":["Die Butterkekse können Spuren von Ei, Schalenfrüchten, Soja, Erdnüssen und Sesam enthalten.","Kann Spuren enthalten von:Eier und daraus gewonnene Erzeugnisse, Erdnüsse und daraus gewonnene Erzeugnisse, Schalenfrüchte und daraus gewonnene Erzeugnisse, Sesamsamen und daraus gewonnene Erzeugnisse, Sojabohnen und daraus gewonnene Erzeugnisse","Enthält:Glutenhaltiges Getreide und daraus hergestellte Erzeugnisse, Milch und daraus gewonnene Erzeugnisse (inkl. Laktose)"]},{"key":"Zubereitung:","value":["Verzehrfertig"]},{"key":"Identitätskennzeichen:","value":["DE BY 13112 EG"]},{"key":"Kontakt:","value":["Privatmolkerei Bauer GmbH & Co. KG","Molkerei-Bauer-Straße 1 - 10, 83512 Wasserburg am Inn, Deutschland"]}],"nutritions":[{"key":"","value":"Unzubereitet"},{"key":" ","value":"100 g"},{"key":"Energie","value":"535 kJ | 127 kcal"},{"key":"Fett","value":"3 g"},{"key":"Fett, davon gesättigte Fettsäuren","value":"2 g"},{"key":"Kohlenhydrate","value":"20 g"},{"key":"Kohlenhydrate, davon Zucker","value":"14,1 g"},{"key":"Eiweiß","value":"5 g"},{"key":"Salz","value":"0,18 g"}],"tags":[]},
    {"url":"https://www.interspar.at/shop/lebensmittel/p/2020001699216","data":[{"key":"price","value":"0,79 €"},{"key":"oldPrice","value":"\n\t\t\t\t\t\n\t\t\t\t\t \n\t\t\t\t"},{"key":"pricePerUnit","value":"(6.08 €/kg)"},{"key":"productDetailsName","value":"Bauer Leibniz - Hofspass Pfirsich-Banane - 130 G"},{"key":"detailsDescription","value":"130 G"},{"key":"articleNumber","value":"Artikelnummer: 2020001699216"},{"key":"Lagerhinweis:","value":["Bei +8°C lagern."]},{"key":"Zutaten:","value":["Zutaten: fettarmer JOGHURT mild, Butterkekse (WEIZENMEHL, Zucker, 14% BUTTER, Glukose-Fruktose-Sirup, MOLKENERZEUGNIS, Salz, Backtriebmittel: Natriumcarbonate; Säureregulator: Citronensäure; Aroma), Pfirsich-Bananenzubereitung (Wasser, Zucker, 20% Bananenmark, 10% Pfirsichsaftkonzentrat, modifizierte Stärke, Zitronensaftkonzentrat, natürliches Aroma, färbendes Pflanzenkonzentrat: Karotte; Verdickungsmittel: Johannisbrotkernmehl), Zucker.  Die Butterkekse können Spuren von Ei, Schalenfrüchten, Soja, Erdnüssen und Sesam enthalten. In Großbuchstaben angegebene Zutaten enthalten allergene Inhaltstoffe."]},{"key":"Allergene:","value":["Die Butterkekse können Spuren von Ei, Schalenfrüchten, Soja, Erdnüssen und Sesam enthalten.","Kann Spuren enthalten von:Eier und daraus gewonnene Erzeugnisse, Erdnüsse und daraus gewonnene Erzeugnisse, Schalenfrüchte und daraus gewonnene Erzeugnisse, Sesamsamen und daraus gewonnene Erzeugnisse, Sojabohnen und daraus gewonnene Erzeugnisse","Enthält:Glutenhaltiges Getreide und daraus hergestellte Erzeugnisse, Milch und daraus gewonnene Erzeugnisse (inkl. Laktose)"]},{"key":"Zubereitung:","value":["Verzehrfertig"]},{"key":"Identitätskennzeichen:","value":["DE BY 13112 EG"]},{"key":"Kontakt:","value":["Privatmolkerei Bauer GmbH & Co. KG","Molkerei-Bauer-Straße 1 - 10, 83512 Wasserburg am Inn, Deutschland"]}],"nutritions":[{"key":"","value":"Unzubereitet"},{"key":" ","value":"100 g"},{"key":"Energie","value":"535 kJ | 127 kcal"},{"key":"Fett","value":"3 g"},{"key":"Fett, davon gesättigte Fettsäuren","value":"2 g"},{"key":"Kohlenhydrate","value":"20 g"},{"key":"Kohlenhydrate, davon Zucker","value":"14,2 g"},{"key":"Eiweiß","value":"5 g"},{"key":"Salz","value":"0,18 g"}],"tags":[]},
    {"url":"https://www.interspar.at/shop/lebensmittel/p/2020001751327","data":[{"key":"price","value":"1,69 €"},{"key":"oldPrice","value":"\n\t\t\t\t\t\n\t\t\t\t\t \n\t\t\t\t"},{"key":"pricePerUnit","value":"(8.45 €/kg)"},{"key":"productDetailsName","value":"DESPAR - Panna Cotta caramello 2 x 100g - 200 G"},{"key":"detailsDescription","value":"200 G"},{"key":"articleNumber","value":"Artikelnummer: 2020001751327"},{"key":"Lagerhinweis:","value":["Vor und nach dem Öffnen gekühlt lagern und alsbald verzehren."]},{"key":"Zutaten:","value":["Zutaten: MAGERMILCH, Glukosesirup, SAHNE 21%, Karamellsauce 10% (karamellisierter Zucker, karamellisierter Glukose-Fruktosesirup, Wasser, Tapiokastärke, Verdickungsmittel: Pektine, Xanthan), Kokosnussöl, Zucker, MILCHEIWEISS, Alkohol, Verdickungsmittel: Agar-Agar, Guarkernmehl, Maisstärke, Emulgator: Mono- und Diglyceride von Speisefettsäuren, natürliches Vanillearoma. In Großbuchstaben angegebene Zutaten enthalten allergene Inhaltsstoffe."]},{"key":"Allergene:","value":["Kann Spuren enthalten von:Eier und daraus gewonnene Erzeugnisse, Glutenhaltiges Getreide und daraus hergestellte Erzeugnisse, Schalenfrüchte und daraus gewonnene Erzeugnisse, Sojabohnen und daraus gewonnene Erzeugnisse","Enthält:Milch und daraus gewonnene Erzeugnisse (inkl. Laktose)"]},{"key":"Identitätskennzeichen:","value":["IT 03 271 CE"]},{"key":"Ursprungsland/Herkunftsort:","value":["Sorgfältig hergestellt in Italien"]},{"key":"Kontakt:","value":["SPAR Österr. Warenhandels-AG","Europastraße 3, 5015 Salzburg, Österreich","office@spar.at"]}],"nutritions":[{"key":"","value":"Unzubereitet"},{"key":" ","value":"100 g"},{"key":"Energie","value":"1054 kJ | 251 kcal"},{"key":"Fett","value":"11 g"},{"key":"Fett, davon gesättigte Fettsäuren","value":"8,9 g"},{"key":"Kohlenhydrate","value":"32 g"},{"key":"Kohlenhydrate, davon Zucker","value":"20 g"},{"key":"Ballaststoffe","value":"0,6 g"},{"key":"Eiweiß","value":"3,6 g"},{"key":"Salz","value":"0,11 g"},{"key":"Broteinheiten","value":"2,7 BE"}],"tags":[]},
    {"url":"https://www.interspar.at/shop/lebensmittel/p/2020001845583","data":[{"key":"price","value":"0,69 €"},{"key":"oldPrice","value":"\n\t\t\t\t\t\n\t\t\t\t\t \n\t\t\t\t"},{"key":"pricePerUnit","value":"(9.86 €/kg)"},{"key":"productDetailsName","value":"Danone Fruchtzwerge go! - Banane-Erdbeer - 70 G"},{"key":"detailsDescription","value":"70 G"},{"key":"articleNumber","value":"Artikelnummer: 2020001845583"},{"key":"Lagerhinweis:","value":["Bei maximal +8 °C lagern. Ungeöffnet 8h ungekühlt haltbar."]},{"key":"Zutaten:","value":["Zutaten: JOGHURT, Zucker, Bananen, Erdbeeren, Stärke, modifizierte Stärke, Calciumcitrat, Pflanzensaftkonzentrate (Apfel, Schwarze Karotte), natürliches Aroma, Verdickungsmittel: Guarkernmehl; Vitamin D. In Großbuchstaben angegebene Zutaten enthalten allergene Inhaltstoffe."]},{"key":"Allergene:","value":["Enthält:Milch und daraus gewonnene Erzeugnisse (inkl. Laktose)"]},{"key":"","value":["Ohne Konservierungsstoffe"]},{"key":"Identitätskennzeichen:","value":["PL 24141601 EG"]},{"key":"Zusatzinformation:","value":["Mit Vitamin D angereichert."]},{"key":"Kontakt:","value":["Danone GmbH","Technologiestraße 10 , 1120 Wien, Österreich","+43 (0)1 / 211 57-207"]}],"nutritions":[{"key":"","value":"Unzubereitet"},{"key":" ","value":"100 g"},{"key":"Energie","value":"384 kJ | 91 kcal"},{"key":"Fett","value":"2,8 g"},{"key":"Fett, davon gesättigte Fettsäuren","value":"1,8 g"},{"key":"Kohlenhydrate","value":"12,8 g"},{"key":"Kohlenhydrate, davon Zucker","value":"11,1 g"},{"key":"Eiweiß","value":"3,6 g"},{"key":"Salz","value":"0,11 g"},{"key":"Vitamin D","value":"1,25 µg | 25 %"},{"key":"Kalzium","value":"180 mg | 23 %"},{"key":"","value":"Unzubereitet"},{"key":" ","value":"Portion (70 g)"},{"key":"Energie","value":"269 kJ | 64 kcal | 3 %"},{"key":"Fett","value":"2 g | 3 %"},{"key":"Fett, davon gesättigte Fettsäuren","value":"1,3 g | 6 %"},{"key":"Kohlenhydrate","value":"9 g | 3 %"},{"key":"Kohlenhydrate, davon Zucker","value":"7,8 g | 9 %"},{"key":"Eiweiß","value":"2,5 g | 5 %"},{"key":"Salz","value":"0,08 g | 1 %"},{"key":"Vitamin D","value":"0,88 µg"},{"key":"Kalzium","value":"126 mg"}],"tags":["Glutenfrei"]},
    {"url":"https://www.interspar.at/shop/lebensmittel/p/2020002006778","data":[{"key":"price","value":"1,79 €"},{"key":"oldPrice","value":"\n\t\t\t\t\t\n\t\t\t\t\t \n\t\t\t\t"},{"key":"pricePerUnit","value":"(7.96 €/kg)"},{"key":"productDetailsName","value":"Rama - mit Walnussöl 100% pflanzlich - 225 G"},{"key":"detailsDescription","value":"225 G"},{"key":"articleNumber","value":"Artikelnummer: 2020002006778"},{"key":"Zutaten:","value":["Zutaten: pflanzliche Öle und Fette (Sonnenblumen, Palm, 15% WALNUSS, Leinsamen, Raps), Trinkwasser, Speisesalz (0,4%), Emulgatoren (Mono- und Diglyceride von Speisefettsäuren, Lecithine), natürliches Aroma, karamellisierter Zucker, Säuerungsmittel (Citronensäure), Vitamine (A, D). In Großbuchstaben angegebene Zutaten enthalten allergene Inhaltstoffe."]},{"key":"Allergene:","value":["Enthält:Schalenfrüchte und daraus gewonnene Erzeugnisse"]},{"key":"","value":["vegan , milch- & laktosefrei , Pflanzlich basierte Lebensmittel sind besser für den Planeten. , besonders nussig , Unilever setzt sich für nachhaltiges Palmöl ein. Infos unter www.unilever.de(.at)(.ch)/nachhaltigkeit , ohne künstliche Farbstoffe, Aromen & Konservierungsstoffe , 100% pflanzlich"]},{"key":"Zubereitung:","value":["Verzehrfertigzum Streichen, Backen & Kochen"]},{"key":"Kontakt:","value":["Unilever Austria","Stella-Klein-Löw-Weg 13, 1023 Wien, Österreich"]}],"nutritions":[{"key":"","value":"Unzubereitet"},{"key":" ","value":"100 g"},{"key":"Energie","value":"2586 kJ | 619 kcal"},{"key":"Fett","value":"70 g"},{"key":"Fett, davon gesättigte Fettsäuren","value":"17 g"},{"key":"Kohlenhydrate","value":"< 0,5 g"},{"key":"Kohlenhydrate, davon Zucker","value":"< 0,5 g"},{"key":"Eiweiß","value":"< 0,5 g"},{"key":"Salz","value":"0,4 g"},{"key":"Vitamin A","value":"800 µg"},{"key":"Vitamin D","value":"7,5 µg"}],"tags":["Vegan","Lactosefrei"]},
    {"url":"https://www.interspar.at/shop/lebensmittel/p/2020002028305","data":[{"key":"price","value":"1,89 €"},{"key":"oldPrice","value":"\n\t\t\t\t\t\n\t\t\t\t\t \n\t\t\t\t"},{"key":"pricePerUnit","value":"(6.30 €/kg)"},{"key":"productDetailsName","value":"Emmi - Porridge Classic 2x150g - 300 G"},{"key":"detailsDescription","value":"300 G"},{"key":"articleNumber","value":"Artikelnummer: 2020002028305"},{"key":"Lagerhinweis:","value":["Gekühlt lagern."]},{"key":"Zutaten:","value":["Zutaten: 79,5% MILCH, 15% HAFER (geschält, gedarrt), 5% Zucker, Verdickungsmittel: Carrageen, Xanthan; Aroma. In Großbuchstaben angegebene Zutaten enthalten allergene Inhaltsstoffe."]},{"key":"Allergene:","value":["Enthält:Glutenhaltiges Getreide und daraus hergestellte Erzeugnisse, Milch und daraus gewonnene Erzeugnisse (inkl. Laktose)"]},{"key":"Zubereitung:","value":["Zubereitung in der MikrowelleDeckel abziehen - in Mikrowelle bei 600 Watt, max. 60 Sek. wärmen - Porridge umrühren und geniessen. Vorsicht, Becher wird heiss!"]},{"key":"Identitätskennzeichen:","value":["CH 2410"]},{"key":"Kontakt:","value":["Emmi Deutschland GmbH","Im Teelbruch 122, 45219 Essen, Deutschland"]}],"nutritions":[{"key":"","value":"Unzubereitet"},{"key":" ","value":"100 g"},{"key":"Energie","value":"490 kJ | 115 kcal"},{"key":"Fett","value":"2,5 g"},{"key":"Fett, davon gesättigte Fettsäuren","value":"1 g"},{"key":"Kohlenhydrate","value":"18 g"},{"key":"Kohlenhydrate, davon Zucker","value":"9 g"},{"key":"Eiweiß","value":"4,5 g"},{"key":"Salz","value":"0,1 g"}],"tags":[]},
    {"url":"https://www.interspar.at/shop/lebensmittel/p/2453026","data":[{"key":"price","value":"0,89 €"},{"key":"oldPrice","value":"\n\t\t\t\t\t\n\t\t\t\t\t \n\t\t\t\t"},{"key":"pricePerUnit","value":"(1.78 €/kg)"},{"key":"productDetailsName","value":"Schärdinger - Naturjoghurt 1,8% Fett cremig 4 x 125g - 500 G"},{"key":"detailsDescription","value":"500 G"},{"key":"articleNumber","value":"Artikelnummer: 2453026"},{"key":"Lagerhinweis:","value":["Gekühlt bei max. 6°C lagern. Nach dem Öffnen gekühlt lagern und innerhalb weniger Tage genießen."]},{"key":"Zutaten:","value":["Zutaten: NATURJOGHURT. In Großbuchstaben angegebene Zutaten enthalten allergene Inhaltsstoffe."]},{"key":"Allergene:","value":["Enthält:Milch und daraus gewonnene Erzeugnisse (inkl. Laktose)"]},{"key":"Identitätskennzeichen:","value":["AT 30751 EG"]},{"key":"Kontakt:","value":["Berglandmilch eGen","Schubertstraße 30, 4600 Wels, Österreich"]}],"nutritions":[{"key":"","value":"Unzubereitet"},{"key":" ","value":"100 g"},{"key":"Energie","value":"213 kJ | 51 kcal"},{"key":"Fett","value":"1,8 g"},{"key":"Fett, davon gesättigte Fettsäuren","value":"1,2 g"},{"key":"Kohlenhydrate","value":"4 g"},{"key":"Kohlenhydrate, davon Zucker","value":"4 g"},{"key":"Eiweiß","value":"4,6 g"},{"key":"Salz","value":"0,17 g"}],"tags":[]},
    {"url":"https://www.interspar.at/shop/lebensmittel/p/3082270","data":[{"key":"price","value":"1,69 €"},{"key":"oldPrice","value":"\n\t\t\t\t\t\n\t\t\t\t\t \n\t\t\t\t"},{"key":"pricePerUnit","value":"(9.39 €/kg)"},{"key":"productDetailsName","value":"DESPAR - Tiramisu 2 x 90g - 180 G"},{"key":"detailsDescription","value":"180 G"},{"key":"articleNumber","value":"Artikelnummer: 3082270"},{"key":"Lagerhinweis:","value":["Vor dem Öffnen gekühlt lagern. Nach dem Öffnen zum sofortigen Verzehr bestimmt."]},{"key":"Zutaten:","value":["Zutaten: Mascarponecreme 72% (MAGERMILCHPULVER, Glucosesirup, MASCARPONE 7,2%* [pasteurisierte SAHNE, pasteurisierte MILCH, Säuerungsmittel: Milchsäure], Kokosöl, Zucker, EIGELB, HÜHNEREIWEISS, MILCHEIWEISS, Marsalawein, LAKTOSE, Alkohol, Stabilisatoren: Carrageen, Johannisbrotkernmehl; Emulgator: Mono- und Diglyceride von Speisefettsäuren, Aromen), Kaffeesauce 18% (Wasser, Glukosesirup, Alkohol, löslicher Kaffee 0,6%), Biskuit 9% (WEIZENMEHL, EIER, Zucker, Glukose-Fruktose-Sirup, Emulgator: Mono- und Diglyceride von Speisefettsäuren; Salz, Backtriebmittel: Dinatriumdiphosphat, Natriumhydrogenkarbonat), Kakaozubereitung 1% (Kakaopulver 0,5%, Dextrose, WEIZENSTÄRKE, Zucker, pflanzliche Fette [Palmkern, Kokos]). *in der Creme. In Großbuchstaben angegebene Zutaten enthalten allergene Inhaltsstoffe."]},{"key":"Allergene:","value":["Kann Spuren enthalten von:Schalenfrüchte und daraus gewonnene Erzeugnisse, Sojabohnen und daraus gewonnene Erzeugnisse","Enthält:Eier und daraus gewonnene Erzeugnisse, Glutenhaltiges Getreide und daraus hergestellte Erzeugnisse, Milch und daraus gewonnene Erzeugnisse (inkl. Laktose)"]},{"key":"","value":["Ohne Konservierungsstoffe","Ohne Farbstoffe"]},{"key":"Identitätskennzeichen:","value":["IT 03 196 CE"]},{"key":"Ursprungsland/Herkunftsort:","value":["Sorgfältig hergestellt in Italien"]},{"key":"Kontakt:","value":["SPAR Österr. Warenhandels-AG","Europastraße 3, 5015 Salzburg, Österreich"]}],"nutritions":[{"key":"","value":"Unzubereitet"},{"key":" ","value":"100 g"},{"key":"Energie","value":"1095 kJ | 260 kcal"},{"key":"Fett","value":"11 g"},{"key":"Fett, davon gesättigte Fettsäuren","value":"7 g"},{"key":"Kohlenhydrate","value":"33 g"},{"key":"Kohlenhydrate, davon Zucker","value":"24 g"},{"key":"Ballaststoffe","value":"0 g"},{"key":"Eiweiß","value":"4 g"},{"key":"Salz","value":"0,15 g"}],"tags":[]},
    {"url":"https://www.interspar.at/shop/lebensmittel/p/5368983","data":[{"key":"price","value":"0,99 €"},{"key":"oldPrice","value":"\n\t\t\t\t\t\n\t\t\t\t\t \n\t\t\t\t"},{"key":"pricePerUnit","value":"(8.25 €/kg)"},{"key":"productDetailsName","value":"Danone - Joghurt Mars mix - 120 G"},{"key":"detailsDescription","value":"120 G"},{"key":"articleNumber","value":"Artikelnummer: 5368983"},{"key":"Lagerhinweis:","value":["Bei maximal +8°C lagern."]},{"key":"Zutaten:","value":["Zutaten: JOGHURT, Zucker, Glukosesirup, Wasser, pflanzliches Fett, MAGERMILCHPULVER, Kakaobutter, Kakaomasse, LAKTOSE, MOLKENPULVER, Invertzuckersirup, Malzextrakt, Kakaopulver, modifizierte Stärke, Maisstärke, Karamellzuckersirup, Haferfaser, Säuerungsmittel Citronensäure, Verdickungsmittel: Johannisbrotkernmehl, Guarkenmehl, Pektin und Xanthan; Feuchthaltemittel Glycerin, Salz, Aroma, Überzugsmittel Gummi Arabicum und Schellack, Emulgator: Lecithine (SOJA). In Großbuchstaben angegebene Zutaten enthalten allergene Inhaltstoffe."]},{"key":"Allergene:","value":["Kann Spuren von Mandeln enthalten.","Kann Spuren enthalten von:Erdnüsse und daraus gewonnene Erzeugnisse, Schalenfrüchte und daraus gewonnene Erzeugnisse, Sesamsamen und daraus gewonnene Erzeugnisse","Enthält:Milch und daraus gewonnene Erzeugnisse (inkl. Laktose), Sojabohnen und daraus gewonnene Erzeugnisse"]},{"key":"Identitätskennzeichen:","value":["DE BY-119 EG"]},{"key":"Kontakt:","value":["Danone GmbH","Technologiestraße 10, 1120 Wien, Österreich"]}],"nutritions":[{"key":"","value":"Unzubereitet"},{"key":" ","value":"100 g"},{"key":"Energie","value":"668 kJ | 160 kcal | 2 %"},{"key":"Fett","value":"7,8 g | 11 %"},{"key":"Fett, davon gesättigte Fettsäuren","value":"5 g | 26 %"},{"key":"Kohlenhydrate","value":"19,6 g | 8 %"},{"key":"Kohlenhydrate, davon Zucker","value":"14,7 g | 21 %"},{"key":"Eiweiß","value":"2,8 g | 5 %"},{"key":"Salz","value":"0,14 g | 5 %"}],"tags":[]},
    {"url":"https://www.interspar.at/shop/lebensmittel/p/5369768","data":[{"key":"price","value":"0,99 €"},{"key":"oldPrice","value":"\n\t\t\t\t\t\n\t\t\t\t\t \n\t\t\t\t"},{"key":"pricePerUnit","value":"(8.25 €/kg)"},{"key":"productDetailsName","value":"Danone - Joghurt Twix mix - 120 G"},{"key":"detailsDescription","value":"120 G"},{"key":"articleNumber","value":"Artikelnummer: 5369768"},{"key":"Lagerhinweis:","value":["Bei maximal +8C° lagern."]},{"key":"Zutaten:","value":["Zutaten: JOGHURT, Zucker, WEIZENMEHL, Magermilchpulver, Kakaobutter, Kakaomasse, MOLKENPULVER, Kakaopulver, Rapsöl, Kokosfett, Palmöl, Invertzuckersirup, Glukosesirup, LAKTOSE, modifizierte Stärke,  Maisstärke, HAFERFASER, Karamellzuckersirup, GERSTENMALZ-EXTRAKT, GERSTE, Säuerungsmittel: Citronensäure; Verdickungsmittel: Johannisbrotkernmehl, Guarkernmehl, Pektin und Xanthan; Feuchthaltemittel: Glycerin; Salz, Aroma, Überzugsmittel: Gummi Arabicum, Schellack; Emulgator: Lecithine (SOJA). In Großbuchstaben angegebene Zutaten enthalten allergene Inhaltsstoffe."]},{"key":"Allergene:","value":["Kann Spuren enthalten von:Erdnüsse und daraus gewonnene Erzeugnisse, Schalenfrüchte und daraus gewonnene Erzeugnisse, Sesamsamen und daraus gewonnene Erzeugnisse","Enthält:Glutenhaltiges Getreide und daraus hergestellte Erzeugnisse, Milch und daraus gewonnene Erzeugnisse (inkl. Laktose), Sojabohnen und daraus gewonnene Erzeugnisse"]},{"key":"Identitätskennzeichen:","value":["DE BY-119 EG"]},{"key":"Kontakt:","value":["Danone GmbH","Technologiestraße 10, 1120 Wien, Österreich","01/21157207"]}],"nutritions":[{"key":"","value":"Unzubereitet"},{"key":" ","value":"100 g"},{"key":"Energie","value":"679 kJ | 162 kcal | 2 %"},{"key":"Fett","value":"8,2 g | 12 %"},{"key":"Fett, davon gesättigte Fettsäuren","value":"5,2 g | 27 %"},{"key":"Kohlenhydrate","value":"19,1 g | 8 %"},{"key":"Kohlenhydrate, davon Zucker","value":"13,5 g | 21 %"},{"key":"Eiweiß","value":"3 g | 5 %"},{"key":"Salz","value":"0,32 g | 5 %"}],"tags":[]},
    {"url":"https://www.interspar.at/shop/lebensmittel/p/5566389","data":[{"key":"price","value":"0,75 €"},{"key":"oldPrice","value":"\n\t\t\t\t\t\n\t\t\t\t\t \n\t\t\t\t"},{"key":"pricePerUnit","value":"(3.75 €/kg)"},{"key":"productDetailsName","value":"NÖM Fru Fru - Himbeere - 200 G"},{"key":"detailsDescription","value":"200 G"},{"key":"articleNumber","value":"Artikelnummer: 5566389"},{"key":"Lagerhinweis:","value":["Gekühlt (+ 3-9°C) lagern."]},{"key":"Zutaten:","value":["Zutaten: SAUERMILCH aus gentechnikfreier Milch*, Zucker, 7% Himbeeren, Glukose-Fruktosesirup, modifizierte Maisstärke, Aroniasaftkonzentrat, Stabilisatoren: Pektine, Johannisbrotkernmehl, Guarkernmehl; Aroma, Säuerungsmittel: Citronensäure, Säureregulator: Natriumcitrate. *laut Definition des Österreichischen Lebensmittelcodex für gentechnikfreie Produktion; Kontrolle durch agroVet GmbH. In Großbuchstaben angegebene Zutaten enthalten allergene Inhaltsstoffe."]},{"key":"Allergene:","value":["Enthält:Milch und daraus gewonnene Erzeugnisse (inkl. Laktose)"]},{"key":"Identitätskennzeichen:","value":["AT 30960 EG"]},{"key":"Kontakt:","value":["NÖM AG","Vöslauer Straße 109, 2500 Baden, Österreich","0800 800 500"]}],"nutritions":[{"key":"","value":"Unzubereitet"},{"key":" ","value":"100 g"},{"key":"Energie","value":"408 kJ | 97 kcal | 5 %"},{"key":"Fett","value":"2,6 g | 4 %"},{"key":"Fett, davon gesättigte Fettsäuren","value":"1,5 g | 8 %"},{"key":"Kohlenhydrate","value":"14,3 g | 6 %"},{"key":"Kohlenhydrate, davon Zucker","value":"13,8 g | 15 %"},{"key":"Eiweiß","value":"3,4 g | 7 %"},{"key":"Salz","value":"0,1 g | 2 %"},{"key":"","value":"Unzubereitet"},{"key":" ","value":"Portion (200 g)"},{"key":"Energie","value":"816 kJ | 194 kcal"},{"key":"Fett","value":"5,2 g"},{"key":"Fett, davon gesättigte Fettsäuren","value":"3 g"},{"key":"Kohlenhydrate","value":"28,6 g"},{"key":"Kohlenhydrate, davon Zucker","value":"27,6 g"},{"key":"Eiweiß","value":"6,8 g"},{"key":"Salz","value":"0,2 g"}],"tags":[]},
    {"url":"https://www.interspar.at/shop/lebensmittel/p/7079474","data":[{"key":"price","value":"0,50 €"},{"key":"oldPrice","value":"\n\t\t\t\t\t\n\t\t\t\t\t \n\t\t\t\t"},{"key":"pricePerUnit","value":"(2.50 €/kg)"},{"key":"productDetailsName","value":"SPAR free from - Naturjogurt 1,8% Fett - 200 G"},{"key":"detailsDescription","value":"200 G"},{"key":"articleNumber","value":"Artikelnummer: 7079474"},{"key":"Lagerhinweis:","value":["Vor und nach dem Öffnen gekühlt lagern. Nach dem Öffnen innerhalb von 3 Tagen verbrauchen."]},{"key":"Allergene:","value":["Enthält:Milch und daraus gewonnene Erzeugnisse (inkl. Laktose)"]},{"key":"","value":["Laktosefrei"]},{"key":"Identitätskennzeichen:","value":["AT 20130 EG"]},{"key":"Ursprungsland/Herkunftsort:","value":["Qualität aus Österreich"]},{"key":"Verbrauchen nach dem Öffnen:","value":["3 Tage"]},{"key":"Kontakt:","value":["SPAR Österr. Warenhandels-AG","Europastraße 3, 5015 Salzburg, Österreich"]}],"nutritions":[{"key":"","value":"Unzubereitet"},{"key":" ","value":"100 g"},{"key":"Energie","value":"236 kJ | 56 kcal"},{"key":"Fett","value":"1,8 g"},{"key":"Fett, davon gesättigte Fettsäuren","value":"1,1 g"},{"key":"Kohlenhydrate","value":"5 g"},{"key":"Kohlenhydrate, davon Zucker","value":"5 g"},{"key":"Ballaststoffe","value":"0 g"},{"key":"Eiweiß","value":"4,4 g"},{"key":"Salz","value":"0,13 g"},{"key":"Broteinheiten","value":"0,4 BE"},{"key":"Laktose","value":"< 0,01 g"}],"tags":["Lactosefrei"]},
    {"url":"https://www.interspar.at/shop/lebensmittel/p/2020000955115","data":[{"key":"price","value":"2,69 €"},{"key":"oldPrice","value":"\n\t\t\t\t\t\n\t\t\t\t\t \n\t\t\t\t"},{"key":"pricePerUnit","value":"(20.69 €/kg)"},{"key":"productDetailsName","value":"Bonta Divina - Éclairs Chocolat 2 x 65g - 130 G"},{"key":"detailsDescription","value":"130 G"},{"key":"articleNumber","value":"Artikelnummer: 2020000955115"},{"key":"Lagerhinweis:","value":["Bei 0°C bis +7°C lagern."]},{"key":"Zutaten:","value":["Zutaten: Wasser, Brandteig, (EIER, WEIZENmehl, BUTTERreinfett, Salz, Backtriebmittel: Diphosphate - Natriumcarbonate, Stabilisator: Sorbit), Glukosesirup, SAHNE, MagerMILCHpulver, Schokoladenpulver 7,5% (Zucker , Kakao 2,4%), Kokosöl, EIgelb, Zucker, Zartbitterschokolade 1,6% (Kakaomasse, Zucker, fettarmer Kakao, Kakaobutter, Emulgator: Lecithine (SOJA), gemahlene Vanilleschoten) , natürliches Aroma, fettarmer Kakao, Stabilisator: Sorbit, Gelatine, Zitrusfasern, Emulgator: Mono- und Diglyceride von Speisefettsäuren, Verdickungsmittel: Carrageen, Salz. Alkohol: 1,2%. Kann Spuren von HASELNÜSSEN und MANDELN enthalten.  In Großbuchstaben angegebene Zutaten enthalten allergene Inhaltstoffe."]},{"key":"Allergene:","value":["Kann Spuren enthalten von:Schalenfrüchte und daraus gewonnene Erzeugnisse","Enthält:Eier und daraus gewonnene Erzeugnisse, Glutenhaltiges Getreide und daraus hergestellte Erzeugnisse, Milch und daraus gewonnene Erzeugnisse (inkl. Laktose), Sojabohnen und daraus gewonnene Erzeugnisse"]},{"key":"Identitätskennzeichen:","value":["IT 03 200 CE"]},{"key":"Kontakt:","value":["A-27 S.p.A.","(R) via Valganna, 12, 21030 Rancio Valcuvia (VA) / (G) via Cascinetta 44, 28013 Gattico (NO), Italien"]}],"nutritions":[{"key":"","value":"Unzubereitet"},{"key":" ","value":"100 g"},{"key":"Energie","value":"1268 kJ | 304 kcal"},{"key":"Fett","value":"16,9 g"},{"key":"Fett, davon gesättigte Fettsäuren","value":"11,3 g"},{"key":"Kohlenhydrate","value":"27,4 g"},{"key":"Kohlenhydrate, davon Zucker","value":"17,5 g"},{"key":"Ballaststoffe","value":"2 g"},{"key":"Eiweiß","value":"7,4 g"},{"key":"Salz","value":"0,43 g"}],"tags":[]},
    {"url":"https://www.interspar.at/shop/lebensmittel/p/2020000967033","data":[{"key":"price","value":"0,99 €"},{"key":"oldPrice","value":"\n\t\t\t\t\t\n\t\t\t\t\t \n\t\t\t\t"},{"key":"pricePerUnit","value":"(8.25 €/kg)"},{"key":"productDetailsName","value":"Danone - m&m Vanille - 120 G"},{"key":"detailsDescription","value":"120 G"},{"key":"articleNumber","value":"Artikelnummer: 2020000967033"},{"key":"Lagerhinweis:","value":["Bei maximal +8C° lagern."]},{"key":"Zutaten:","value":["Zutaten: JOGHURT, Schokolinsen (Zucker, Kakaomasse, VOLLMILCHPULVER, Kakaobutter, LAKTOSE, MOLKENPULVER, Stärke, Glukosesirup, Kokosfett, Stabilisator E 414, Wasser, Emulgator: Lecithine (SOJA), Farbstoffe: E 100, E 133, E 160a, E 160e, E 162, E 171, E172,; Dextrin, Überzugsmittel Carnaubawachs, Aroma, natürlicher Vanille Extrakt, Salz), Zucker, färbende Konzentrate Kürbis, Karotte und Apfel, natürliches Vanillearoma. In Großbuchstaben angegebene Zutaten enthalten allergene Inhaltstoffe."]},{"key":"Allergene:","value":["Kann Spuren von Hafer, Gerste, Weizen enthalten.","Kann Spuren enthalten von:Erdnüsse und daraus gewonnene Erzeugnisse, Glutenhaltiges Getreide und daraus hergestellte Erzeugnisse, Schalenfrüchte und daraus gewonnene Erzeugnisse, Sesamsamen und daraus gewonnene Erzeugnisse","Enthält:Milch und daraus gewonnene Erzeugnisse (inkl. Laktose), Sojabohnen und daraus gewonnene Erzeugnisse"]},{"key":"Identitätskennzeichen:","value":["DE BY-119 EG"]},{"key":"Kontakt:","value":["Danone GmbH","Technologiestraße 10, 1120 Wien, Österreich","01/21157207"]}],"nutritions":[{"key":"","value":"Unzubereitet"},{"key":" ","value":"100 g"},{"key":"Energie","value":"629 kJ | 150 kcal | 2 %"},{"key":"Fett","value":"5,5 g | 8 %"},{"key":"Fett, davon gesättigte Fettsäuren","value":"3,4 g | 17 %"},{"key":"Kohlenhydrate","value":"20 g | 8 %"},{"key":"Kohlenhydrate, davon Zucker","value":"20 g | 22 %"},{"key":"Eiweiß","value":"4,3 g | 9 %"},{"key":"Salz","value":"0,16 g | 3 %"}],"tags":[]},
    {"url":"https://www.interspar.at/shop/lebensmittel/p/2020001221943","data":[{"key":"price","value":"1,29 €"},{"key":"oldPrice","value":"\n\t\t\t\t\t\n\t\t\t\t\t \n\t\t\t\t"},{"key":"pricePerUnit","value":"(14.33 €/kg)"},{"key":"productDetailsName","value":"Bonta Divina Delizia - Cioccolato - 90 G"},{"key":"detailsDescription","value":"90 G"},{"key":"articleNumber","value":"Artikelnummer: 2020001221943"},{"key":"Lagerhinweis:","value":["Bei 0°C bis +7°C lagern."]},{"key":"Zutaten:","value":["Zutaten: Wasser, Glukosesirup, SAHNE 14,5%, MAGERMILCHPULVER, Schokoladenpulver 5,4% (Zucker, Kakao 1,73%), pflanzliche Öle (Kokos, Sonnenblume), Zucker, Kakaobutter, WEIZENMEHL, Stabilisator: Sorbit; fettarmer Kakao 1,5% (0,2% im dunklen Biskuit),  Milchschokolade 1,3% (Zucker, Kakaobutter, VOLLMILCHPULVER, Kakaomasse, MOLKE, LAKTOSE, Emulgator: Lecithine (SOJA)), Alkohol, Zartbitterschokolade 1% (Kakaomasse, Zucker, fettarmer Kakao, Kakaobutter, Emulgator: Lecithine (SOJA), gemahlene Vanilleschoten), Gelatine, Emulgator: Milchsäureester von Mono- und Diglyceriden von Speisefettsäuren, Mono- und Diglyceride von Speisefettsäure;, VOLLEIPULVER, Verdickungsmittel: Carrageen, Xanthan, Guarkernmehl, Johannisbrotkernmehl; Maisstärke, Aroma, Salz, Backtriebmittel: Natriumcarbonate und Ammoniumcarbonate; Reissirup, Invertzuckersirup, MOLKE, Maltodextrin, Honig, Tapiokastärke, Überzugsmittel: Gummi arabicum. Alkoholgehalt: 1,2%. In Großbuchstaben angegebenen Zutaten enthalten allergene Inhaltsstoffe."]},{"key":"Allergene:","value":["Kann Spuren enthalten von:Erdnüsse und daraus gewonnene Erzeugnisse, Schalenfrüchte und daraus gewonnene Erzeugnisse","Enthält:Eier und daraus gewonnene Erzeugnisse, Glutenhaltiges Getreide und daraus hergestellte Erzeugnisse, Milch und daraus gewonnene Erzeugnisse (inkl. Laktose), Sojabohnen und daraus gewonnene Erzeugnisse"]},{"key":"Kontakt:","value":["Sweet Port Services S.A.","Via Simen 3, 6904 Lugano, Schweiz"]}],"nutritions":[{"key":"","value":"Unzubereitet"},{"key":" ","value":"100 g"},{"key":"Energie","value":"1187 kJ | 284 kcal"},{"key":"Fett","value":"14,7 g"},{"key":"Fett, davon gesättigte Fettsäuren","value":"10,6 g"},{"key":"Kohlenhydrate","value":"29,7 g"},{"key":"Kohlenhydrate, davon Zucker","value":"21,2 g"},{"key":"Ballaststoffe","value":"3,1 g"},{"key":"Eiweiß","value":"4,6 g"},{"key":"Salz","value":"0,18 g"},{"key":"","value":"Unzubereitet"},{"key":" ","value":"Portion (90 g)"},{"key":"Energie","value":"1068 kJ | 256 kcal"},{"key":"Fett","value":"13,2 g"},{"key":"Fett, davon gesättigte Fettsäuren","value":"9,5 g"},{"key":"Kohlenhydrate","value":"26,7 g"},{"key":"Kohlenhydrate, davon Zucker","value":"19,1 g"},{"key":"Ballaststoffe","value":"2,8 g"},{"key":"Eiweiß","value":"4,1 g"},{"key":"Salz","value":"0,16 g"}],"tags":[]},
    {"url":"https://www.interspar.at/shop/lebensmittel/p/2020001601554","data":[{"key":"price","value":"1,49 €"},{"key":"oldPrice","value":"\n\t\t\t\t\t\n\t\t\t\t\t \n\t\t\t\t"},{"key":"pricePerUnit","value":"(6.62 €/kg)"},{"key":"productDetailsName","value":"Rama - mit Buttermilch - 225 G"},{"key":"detailsDescription","value":"225 G"},{"key":"articleNumber","value":"Artikelnummer: 2020001601554"},{"key":"Lagerhinweis:","value":["Bei +2°C bis +10°C lagern."]},{"key":"Zutaten:","value":["Zutaten: pflanzliche Fette und Öle (Palm, 32% Raps), 10% BUTTERMILCH, Trinkwasser, Speisesalz (0,3%), Emulgator (LECITHINE), Säuerungsmittel (Milchsäure), natürliches Aroma, Farbstoff (Carotine). In Großbuchstaben angegebene Zutaten enthalten allergene Inhaltsstoffe."]},{"key":"Allergene:","value":["Enthält:Milch und daraus gewonnene Erzeugnisse (inkl. Laktose), Sojabohnen und daraus gewonnene Erzeugnisse"]},{"key":"","value":["Unilever setzt sich für nachhaltiges Palmöl ein. Infos unter www.unilever.de(.at)(.ch)/nachhaltigkeit, ohne Konservierungsstoffe, VEBU Vegetarisch Logo, erfrischend-feiner Geschmack, ohne künstliche Farbstoffe, mit hochwertigem Rapsöl, mit Buttermilch"]},{"key":"Kontakt:","value":["Unilever Austria GmbH","Stella-Klein-Löw-Weg 13, 1023 Wien, Österreich"]}],"nutritions":[{"key":"","value":"Unzubereitet"},{"key":" ","value":"100 g"},{"key":"Energie","value":"2976 kJ | 711 kcal"},{"key":"Fett","value":"80 g"},{"key":"Fett, davon gesättigte Fettsäuren","value":"32 g"},{"key":"Kohlenhydrate","value":"0,5 g"},{"key":"Kohlenhydrate, davon Zucker","value":"0,5 g"},{"key":"Eiweiß","value":"< 0,5 g"},{"key":"Salz","value":"0,32 g"}],"tags":[]},
    {"url":"https://www.interspar.at/shop/lebensmittel/p/2729503","data":[{"key":"price","value":"0,79 €"},{"key":"oldPrice","value":"\n\t\t\t\t\t\n\t\t\t\t\t \n\t\t\t\t"},{"key":"pricePerUnit","value":"(1.58 €/kg)"},{"key":"productDetailsName","value":"NÖM - Natur Joghurt 1 % Fett - 500 G"},{"key":"detailsDescription","value":"500 G"},{"key":"articleNumber","value":"Artikelnummer: 2729503"},{"key":"Lagerhinweis:","value":["Gekühlt (+ 3-9 °C) lagern und nach dem Öffnen innerhalb von 2-3 Tagen verbrauchen."]},{"key":"Zutaten:","value":["Zutaten: JOGHURT 1% Fett. In Großbuchstaben angegebene Zutaten enthalten allergene Inhaltsstoffe."]},{"key":"Allergene:","value":["Enthält:Milch und daraus gewonnene Erzeugnisse (inkl. Laktose)"]},{"key":"Identitätskennzeichen:","value":["AT 30960 EG"]},{"key":"Verbrauchen nach dem Öffnen:","value":["2 Tage"]},{"key":"Kontakt:","value":["NÖM AG","Vöslauer Straße 109, 2500 Baden, Österreich","0800 800 500"]}],"nutritions":[{"key":"","value":"Unzubereitet"},{"key":" ","value":"100 g"},{"key":"Energie","value":"211 kJ | 50 kcal"},{"key":"Fett","value":"1 g"},{"key":"Fett, davon gesättigte Fettsäuren","value":"0,6 g"},{"key":"Kohlenhydrate","value":"4,7 g"},{"key":"Kohlenhydrate, davon Zucker","value":"4,7 g"},{"key":"Eiweiß","value":"4,9 g"},{"key":"Salz","value":"0,1 g"}],"tags":[]},
    {"url":"https://www.interspar.at/shop/lebensmittel/p/5700875","data":[{"key":"price","value":"0,99 €"},{"key":"oldPrice","value":"\n\t\t\t\t\t\n\t\t\t\t\t \n\t\t\t\t"},{"key":"pricePerUnit","value":"(3.96 €/l)"},{"key":"productDetailsName","value":"NÖM - Kaffeeobers 10 % Fett länger frisch - 250 ML"},{"key":"detailsDescription","value":"250 ML"},{"key":"articleNumber","value":"Artikelnummer: 5700875"},{"key":"Lagerhinweis:","value":["Gekühlt (+ 6 °C) lagern und nach dem Öffnen innerhalb von 1-2 Tagen verbrauchen."]},{"key":"Zutaten:","value":["Zutaten: KAFFEEOBERS mit 10% Fett. In Großbuchstaben angegebene Zutaten enthalten allergene Inhaltsstoffe."]},{"key":"Allergene:","value":["Enthält:Milch und daraus gewonnene Erzeugnisse (inkl. Laktose)"]},{"key":"Identitätskennzeichen:","value":["AT 30960 EG"]},{"key":"Verbrauchen nach dem Öffnen:","value":["1 Tage"]},{"key":"Kontakt:","value":["NÖM AG","Vöslauer Straße 109, 2500 Baden, Österreich","0800 800 500"]}],"nutritions":[{"key":"","value":"Unzubereitet"},{"key":" ","value":"100 ml"},{"key":"Energie","value":"497 kJ | 120 kcal | 6 %"},{"key":"Fett","value":"10 g | 14 %"},{"key":"Fett, davon gesättigte Fettsäuren","value":"6 g | 30 %"},{"key":"Kohlenhydrate","value":"4,4 g | 2 %"},{"key":"Kohlenhydrate, davon Zucker","value":"4,4 g | 5 %"},{"key":"Eiweiß","value":"3,1 g | 6 %"},{"key":"Salz","value":"0,1 g | 2 %"}],"tags":[]},
    {"url":"https://www.interspar.at/shop/lebensmittel/p/2020000586654","data":[{"key":"price","value":"0,29 €"},{"key":"oldPrice","value":"\n\t\t\t\t\t\n\t\t\t\t\t \n\t\t\t\t"},{"key":"pricePerUnit","value":"(1.16 €/kg)"},{"key":"productDetailsName","value":"S-BUDGET - Naturjogurt 1% Fett cremig - 250 G"},{"key":"detailsDescription","value":"250 G"},{"key":"articleNumber","value":"Artikelnummer: 2020000586654"},{"key":"Lagerhinweis:","value":["Vor und nach dem Öffnen gekühlt lagern. Nach dem Öffnen sofort verbrauchen."]},{"key":"Zutaten:","value":["Zutaten: JOGURT. In Großbuchstaben angegebene Zutaten enthalten allergene Inhaltsstoffe."]},{"key":"Allergene:","value":["Enthält:Milch und daraus gewonnene Erzeugnisse (inkl. Laktose)"]},{"key":"Identitätskennzeichen:","value":["AT 70149 EG"]},{"key":"Ursprungsland/Herkunftsort:","value":["Qualität aus Österreich"]},{"key":"Kontakt:","value":["SPAR Österr. Warenhandels-AG","Europastraße 3, 5015 Salzburg, Österreich"]}],"nutritions":[{"key":"","value":"Unzubereitet"},{"key":" ","value":"100 g"},{"key":"Energie","value":"182 kJ | 43 kcal"},{"key":"Fett","value":"1 g"},{"key":"Fett, davon gesättigte Fettsäuren","value":"0,6 g"},{"key":"Kohlenhydrate","value":"4,2 g"},{"key":"Kohlenhydrate, davon Zucker","value":"4,2 g"},{"key":"Ballaststoffe","value":"0 g"},{"key":"Eiweiß","value":"4,3 g"},{"key":"Salz","value":"0,13 g"},{"key":"Kalzium","value":"130 mg | 16,3 %"},{"key":"Broteinheiten","value":"0,4 BE"}],"tags":[]},
    {"url":"https://www.interspar.at/shop/lebensmittel/p/104029","data":[{"key":"price","value":"1,15 €"},{"key":"oldPrice","value":"\n\t\t\t\t\t\n\t\t\t\t\t \n\t\t\t\t"},{"key":"pricePerUnit","value":"(4.60 €/kg)"},{"key":"productDetailsName","value":"Rama - Original Margarine - 250 G"},{"key":"detailsDescription","value":"250 G"},{"key":"articleNumber","value":"Artikelnummer: 104029"},{"key":"Lagerhinweis:","value":["Beste Lagerung zwischen +2 °C und +15 °C."]},{"key":"Zutaten:","value":["Zutaten: pflanzliche Fette und Öle (Palm, Raps), Trinkwasser, MAGERMILCH, Emulgatoren: Lecithine, Mono- und Diglyceride von Speisefettsäuren; Speisesalz (0,15%), Säuerungsmittel: Citronensäure, Aromen (mit MILCH), Vitamine (A, D), Farbstoff: Carotine. In Großbuchstaben angegebene Zutaten enthalten allergene Inhaltstoffe."]},{"key":"Allergene:","value":["Enthält:Milch und daraus gewonnene Erzeugnisse (inkl. Laktose)"]},{"key":"Zusatztext:","value":["Zum Kochen, Braten und Backen.Nicht zum Frittieren geeignet."]},{"key":"Kontakt:","value":["Unilever Austria GmbH","Stella-Klein-Löw-Weg 13, Postfach 10, 1023 Wien, Österreich","www.rama.at","0810/200780"]}],"nutritions":[{"key":"","value":"Unzubereitet"},{"key":" ","value":"100 g"},{"key":"Energie","value":"2597 kJ | 620 kcal"},{"key":"Fett","value":"70 g"},{"key":"Fett, davon gesättigte Fettsäuren","value":"33 g"},{"key":"Kohlenhydrate","value":"< 0,5 g"},{"key":"Kohlenhydrate, davon Zucker","value":"< 0,5 g"},{"key":"Eiweiß","value":"< 0,5 g"},{"key":"Salz","value":"0,16 g"},{"key":"Vitamin A","value":"800 µg | 100 %"},{"key":"Vitamin D","value":"7,5 µg | 150 %"}],"tags":[]},
    {"url":"https://www.interspar.at/shop/lebensmittel/p/104067","data":[{"key":"price","value":"0,99 €"},{"key":"oldPrice","value":"\n\t\t\t\t\t\n\t\t\t\t\t \n\t\t\t\t"},{"key":"pricePerUnit","value":"(3.96 €/kg)"},{"key":"productDetailsName","value":"Thea - Würfel - 250 G"},{"key":"detailsDescription","value":"250 G"},{"key":"articleNumber","value":"Artikelnummer: 104067"},{"key":"Lagerhinweis:","value":["Beste Lagerung zwischen +2°C und +15°C."]},{"key":"Zutaten:","value":["Zutaten: pflanzliche Fette und Öle (Palm, Raps, Sonnenblumen, in veränderlichen Gewichtsanteilen), Trinkwasser, MOLKE, Speisesalz (0,5%), Emulgatoren (Lecithine, Mono- und Diglyceride von Speisefettsäuren), Säuerungsmittel (Citronensäure), Aromen, Vitamine (A, D), Farbstoff (Carotine). In Großbuchstaben angegebene Zutaten enthalten allergene Inhaltsstoffe."]},{"key":"Allergene:","value":["Enthält:Milch und daraus gewonnene Erzeugnisse (inkl. Laktose)"]},{"key":"Zusatztext:","value":["Für alle Kochbereiche mit Ausnahme des schwimmend Herausbackens geeignet. Langsam erhitzen."]},{"key":"Kontakt:","value":["Unilever Austria GmbH","Stella-Klein-Löw-Weg 13, Postfach 10, 1023 Wien, Österreich","www.thea.at","0810/200 781"]}],"nutritions":[{"key":"","value":"Unzubereitet"},{"key":" ","value":"100 g"},{"key":"Energie","value":"2600 kJ | 620 kcal"},{"key":"Fett","value":"70 g"},{"key":"Fett, davon gesättigte Fettsäuren","value":"33 g"},{"key":"Kohlenhydrate","value":"< 0,5 g"},{"key":"Kohlenhydrate, davon Zucker","value":"< 0,5 g"},{"key":"Eiweiß","value":"< 0,5 g"},{"key":"Salz","value":"0,52 g"},{"key":"Vitamin A","value":"800 µg | 100 %"},{"key":"Vitamin D","value":"7,5 µg | 150 %"}],"tags":[]},
    {"url":"https://www.interspar.at/shop/lebensmittel/p/2027104","data":[{"key":"price","value":"1,69 €"},{"key":"oldPrice","value":"\n\t\t\t\t\t\n\t\t\t\t\t \n\t\t\t\t"},{"key":"pricePerUnit","value":"(6.76 €/kg)"},{"key":"productDetailsName","value":"Becel Gold     250g -  - 250 G"},{"key":"detailsDescription","value":"250 G"},{"key":"articleNumber","value":"Artikelnummer: 2027104"},{"key":"Lagerhinweis:","value":["Bei +2°C bis +10°C lagern."]},{"key":"Zutaten:","value":["Zutaten: 61% pflanzliche Öle (Sonnenblumen, Leinsamen, Raps), pflanzliche Fette (Palm), BUTTERMILCH, Trinkwasser, Emulgatoren: Lecithine, Mono- und Diglyceride von Speisefettsäuren; Speisesalz (0,3%), Aromen (mit MILCH), Säuerungsmittel: Citronensäure, Vitamine (A, D), Farbstoff: Carotin. In Großbuchstaben angegebene Zutaten enthalten allergene Inhaltsstoffe."]},{"key":"Allergene:","value":["Enthält:Milch und daraus gewonnene Erzeugnisse (inkl. Laktose)"]},{"key":"","value":["Mindestens 60% weniger gesättigte Fettsäuren als Butter"]},{"key":"Kontakt:","value":["Unilever Austria GmbH","Stella-Klein-Löw-Weg 13, Postfach 10, 1023 Wien, Österreich"]}],"nutritions":[{"key":"","value":"Unzubereitet"},{"key":" ","value":"100 g"},{"key":"Energie","value":"2987 kJ | 714 kcal"},{"key":"Fett","value":"80 g"},{"key":"Fett, davon gesättigte Fettsäuren","value":"19 g"},{"key":"Fett, davon einfach ungesättigte Fettsäuren","value":"20 g"},{"key":"Fett, davon mehrfach ungesättigte Fettsäuren","value":"40 g"},{"key":"Kohlenhydrate","value":"0,6 g"},{"key":"Kohlenhydrate, davon Zucker","value":"0,6 g"},{"key":"Eiweiß","value":"< 0,5 g"},{"key":"Salz","value":"0,32 g"},{"key":"Vitamin A","value":"800 µg | 100 %"},{"key":"Vitamin D","value":"7,5 µg | 150 %"},{"key":"Vitamin E","value":"23 mg | 167 %"}],"tags":[]},
    {"url":"https://www.interspar.at/shop/lebensmittel/p/2185132","data":[{"key":"price","value":"3,69 €"},{"key":"oldPrice","value":"\n\t\t\t\t\t\n\t\t\t\t\t \n\t\t\t\t"},{"key":"pricePerUnit","value":"(0.62 €/Stück)"},{"key":"productDetailsName","value":"Toni's - Bio Freilandeier Größe L - 6 STK"},{"key":"detailsDescription","value":"6 STK"},{"key":"articleNumber","value":"Artikelnummer: 2185132"},{"key":"Lagerhinweis:","value":["Bei Kühlschranktemperatur aufbewahren."]},{"key":"Zutaten:","value":["Zutaten: EIER. In Großbuchstaben angegebene Zutaten enthalten allergene Inhaltsstoffe."]},{"key":"Allergene:","value":["Enthält:Eier und daraus gewonnene Erzeugnisse"]},{"key":"Bio-Kontrollstelle:","value":["AT-BIO-301"]},{"key":"Ökoherkunft:","value":["Österreich-Landwirtschaft"]},{"key":"Identitätskennzeichen:","value":["AT 61436 EG"]},{"key":"Zusatztext:","value":["Information zur Einzeleikennzeichnung:Der auf den Eiern aufgestempelte Erzeugercode setzt sich zusammen aus dem Code der Haltungsform:0 = biologische Produktion, 1 = Freilandhaltung, 2 = Bodenhaltung, 3 = Käfighaltung, dem Ursprungslandder Eier: AT = Österreich und der individuellen Betriebsnummer des Legebetriebs."]},{"key":"Verwendungshinweis:","value":["Nach Ablauf des Mindesthaltbarkeitsdatums durcherhitzen."]},{"key":"Kontakt:","value":["Toni Hubmann","Glein 14, 8720 Knittelfeld, Österreich"]}],"nutritions":[],"tags":["Bio","Glutenfrei","Lactosefrei"]},
    {"url":"https://www.interspar.at/shop/lebensmittel/p/2794068","data":[{"key":"price","value":"1,79 €"},{"key":"oldPrice","value":"\n\t\t\t\t\t\n\t\t\t\t\t \n\t\t\t\t"},{"key":"pricePerUnit","value":"(7.96 €/kg)"},{"key":"productDetailsName","value":"Rama - mit Butter - 225 G"},{"key":"detailsDescription","value":"225 G"},{"key":"articleNumber","value":"Artikelnummer: 2794068"},{"key":"Lagerhinweis:","value":["Bei +2 °C bis +10 °C lagern."]},{"key":"Zutaten:","value":["Zutaten: pflanzliche Öle und Fette (36% Raps, Palm), 10% BUTTER, BUTTERMILCH, Trinkwasser, Meersalz (0,3%), Emulgator: Lecithine, natürliches Aroma (mit MILCH), Säuerungsmittel: Milchsäure, Farbstoff: Carotin. In Großbuchstaben angegebene Zutaten enthalten allergene Inhaltsstoffe."]},{"key":"Allergene:","value":["Enthält:Milch und daraus gewonnene Erzeugnisse (inkl. Laktose)"]},{"key":"Zusatztext:","value":["Unilever setzt sich für nachhaltiges Palmöl ein. Infos unter www.unilever.at/nachhaltigkeit"]},{"key":"Kontakt:","value":["Unilever Austria GmbH","Stella-Klein-Löw-Weg 13, Postfach 10, 1023 Wien, Österreich","www.rama.at","0810/200780"]}],"nutritions":[{"key":"","value":"Unzubereitet"},{"key":" ","value":"100 g"},{"key":"Energie","value":"2994 kJ | 717 kcal"},{"key":"Fett","value":"80 g"},{"key":"Fett, davon gesättigte Fettsäuren","value":"30 g"},{"key":"Kohlenhydrate","value":"0,6 g"},{"key":"Kohlenhydrate, davon Zucker","value":"0,6 g"},{"key":"Eiweiß","value":"< 0,5 g"},{"key":"Salz","value":"0,32 g"}],"tags":[]},
    {"url":"https://www.interspar.at/shop/lebensmittel/p/5709281","data":[{"key":"price","value":"0,99 €"},{"key":"oldPrice","value":"\n\t\t\t\t\t\n\t\t\t\t\t \n\t\t\t\t"},{"key":"pricePerUnit","value":"(3.96 €/kg)"},{"key":"productDetailsName","value":"Rama - Original Margarine - 250 G"},{"key":"detailsDescription","value":"250 G"},{"key":"articleNumber","value":"Artikelnummer: 5709281"},{"key":"Lagerhinweis:","value":["Beste Lagerung zwischen +2 °C und +15 °C."]},{"key":"Zutaten:","value":["Zutaten: pflanzliche Öle und Fette (53% Raps, Palm), Trinkwasser, MOLKE, Speisesalz (0,3%), Emulgatoren (Lecithine, Mono- und Diglyceride von Speisefettsäuren), Säuerungsmittel (Citronensäure), natürliches Aroma (mit MILCH), Vitamine (A, D), Farbstoff (Carotine). In Großbuchstaben angegebene Zutaten enthalten allergene Inhaltsstoffe."]},{"key":"Allergene:","value":["Enthält:Milch und daraus gewonnene Erzeugnisse (inkl. Laktose)"]},{"key":"","value":["Mit natürlichem FarbstoffMit natürlichem Aroma"]},{"key":"Zubereitung:","value":["VerzehrfertigIdeal als Brotaufstrich, aber auch zum Backen, Braten und Kochen geeignet."]},{"key":"Kontakt:","value":["Unilever Austria GmbH","Stella-Klein-Löw-Weg 13, Postfach 10, 1023 Wien, Österreich","www.rama.at","0810/200780"]}],"nutritions":[{"key":"","value":"Unzubereitet"},{"key":" ","value":"100 g"},{"key":"Energie","value":"2976 kJ | 711 kcal"},{"key":"Fett","value":"80 g"},{"key":"Fett, davon gesättigte Fettsäuren","value":"24 g"},{"key":"Fett, davon einfach ungesättigte Fettsäuren","value":"40 g"},{"key":"Fett, davon mehrfach ungesättigte Fettsäuren","value":"16 g"},{"key":"Kohlenhydrate","value":"< 0,5 g"},{"key":"Kohlenhydrate, davon Zucker","value":"< 0,5 g"},{"key":"Eiweiß","value":"< 0,5 g"},{"key":"Salz","value":"0,32 g"},{"key":"Vitamin A","value":"800 µg | 100 %"},{"key":"Vitamin D","value":"7,5 µg | 150 %"},{"key":"Vitamin E","value":"10 mg | 83 %"}],"tags":["immer Billig"]},
    {"url":"https://www.interspar.at/shop/lebensmittel/p/8104250","data":[{"key":"price","value":"1,49 €"},{"key":"oldPrice","value":"\n\t\t\t\t\t\n\t\t\t\t\tstatt 1,99 €\n\t\t\t\t"},{"key":"pricePerUnit","value":"(2.98 €/kg)"},{"key":"productDetailsName","value":"Rama Original - Margarine - 500 G"},{"key":"detailsDescription","value":"500 G"},{"key":"articleNumber","value":"Artikelnummer: 8104250"},{"key":"Lagerhinweis:","value":["Beste Lagerung zwischen +2 °C und +15 °C."]},{"key":"Zutaten:","value":["Zutaten: pflanzliche Öle und Fette (53% Raps, Palm), Trinkwasser, MOLKE, Speisesalz (0,3%), Emulgatoren (Lecithine, Mono- und Diglyceride von Speisefettsäuren), Säuerungsmittel (Zitronensäure), natürliches Aroma (mit MILCH), Vitamine (A, D), Farbstoff (Carotine). In Großbuchstaben angegebene Zutaten enthalten allergene Inhaltsstoffe."]},{"key":"Allergene:","value":["Enthält:Milch und daraus gewonnene Erzeugnisse (inkl. Laktose)"]},{"key":"Zubereitung:","value":["VerzehrfertigIst ideal als Brotaufstrich, aber auch zum Backen, Braten und Kochen geeignet."]},{"key":"Zusatzinformation:","value":["Enthält essentielle Fettsäuren, die wichtig für das gesunde Wachstum und die Entwicklung von Kindern sind."]},{"key":"Kontakt:","value":["Unilever Austria GmbH","Stella-Klein-Löw-Weg 13, Postfach 10, 1023 Wien, Österreich","0810/200780","www.rama.at"]}],"nutritions":[{"key":"","value":"Unzubereitet"},{"key":" ","value":"100 g"},{"key":"Energie","value":"2976 kJ | 711 kcal"},{"key":"Fett","value":"80 g"},{"key":"Fett, davon gesättigte Fettsäuren","value":"24 g"},{"key":"Fett, davon einfach ungesättigte Fettsäuren","value":"40 g"},{"key":"Fett, davon mehrfach ungesättigte Fettsäuren","value":"16 g"},{"key":"Kohlenhydrate","value":"< 0,5 g"},{"key":"Kohlenhydrate, davon Zucker","value":"< 0,5 g"},{"key":"Eiweiß","value":"< 0,5 g"},{"key":"Salz","value":"0,32 g"},{"key":"Vitamin A","value":"800 µg | 100 %"},{"key":"Vitamin D","value":"7,5 µg | 150 %"},{"key":"Vitamin E","value":"10 mg | 83 %"}],"tags":[]},
    {"url":"https://www.interspar.at/shop/lebensmittel/p/8104304","data":[{"key":"price","value":"1,29 €"},{"key":"oldPrice","value":"\n\t\t\t\t\t\n\t\t\t\t\t \n\t\t\t\t"},{"key":"pricePerUnit","value":"(2.58 €/kg)"},{"key":"productDetailsName","value":"Thea Die Feine -  - 500 G"},{"key":"detailsDescription","value":"500 G"},{"key":"articleNumber","value":"Artikelnummer: 8104304"},{"key":"Lagerhinweis:","value":["Beste Lagerung zwischen+2 C und +15 C."]},{"key":"Zutaten:","value":["Zutaten: pflanzliche Fette und Öle (Palm, Raps, Sonnenblumen in veränderlichen Gewichtsanteilen), Trinkwasser, MOLKE, Emulgatoren: Lecithine, Mono- und Diglyceride von Speisefettsäuren; Speisesalz (0,4 %), Säuerungsmittel: Citronensäure, Aromen, Vitamine (A, D), Farbstoff: Carotine. In Großbuchstaben angegebene Zutaten enthalten allergene Inhaltstoffe."]},{"key":"Allergene:","value":["Enthält:Milch und daraus gewonnene Erzeugnisse (inkl. Laktose)"]},{"key":"Zusatztext:","value":["Für alle Kochbereiche mit Ausnahme des schwimmenden Herausbackens geeignet. Langsam erhitzen."]},{"key":"Kontakt:","value":["Unilever Austria","Stella-Klein-Löw-Weg 13, 1023 Wien, Österreich"]}],"nutritions":[{"key":"","value":"Unzubereitet"},{"key":" ","value":"100 g"},{"key":"Energie","value":"2780 kJ | 664 kcal"},{"key":"Fett","value":"75 g"},{"key":"Fett, davon gesättigte Fettsäuren","value":"30 g"},{"key":"Kohlenhydrate","value":"< 0,5 g"},{"key":"Kohlenhydrate, davon Zucker","value":"< 0,5 g"},{"key":"Eiweiß","value":"< 0,5 g"},{"key":"Salz","value":"0,42 g"},{"key":"Vitamin A","value":"450 µg"},{"key":"Vitamin D","value":"2,3 µg"}],"tags":[]},
    {"url":"https://www.interspar.at/shop/lebensmittel/p/8185129","data":[{"key":"price","value":"1,35 €"},{"key":"oldPrice","value":"\n\t\t\t\t\t\n\t\t\t\t\t \n\t\t\t\t"},{"key":"pricePerUnit","value":"(5.40 €/kg)"},{"key":"productDetailsName","value":"Thea - Brat & Saft Meister - 250 G"},{"key":"detailsDescription","value":"250 G"},{"key":"articleNumber","value":"Artikelnummer: 8185129"},{"key":"Lagerhinweis:","value":["Beste Lagerung zwischen +2°C und +15°C"]},{"key":"Zutaten:","value":["Zutaten: pflanzliche Fette und Öle (Palm, Raps, Palm ganz gehärtet, Sonnenblumen, in veränderlichen Gewichtsanteilen), Speisesalz (1,1%), MOLKENERZEUGNIS, Emulgator:  Lecithine (SOJA), Geschmacksverstärker: Mononatriumglutamat, Dinatriumguanylat, Dinatriuminosinat; MAGERMILCHPULVER, Aromen, Vitamine (A, D), Farbstoff: Carotine. In Großbuchstaben angegebene Zutaten enthalten allergene Inhaltstoffe."]},{"key":"Allergene:","value":["Enthält:Milch und daraus gewonnene Erzeugnisse (inkl. Laktose), Sojabohnen und daraus gewonnene Erzeugnisse"]},{"key":"","value":["Der Spezialist zum Braten und für würzigen Saft"]},{"key":"Zusatztext:","value":["Für alle Kochbereiche mit Ausnahme des schwimmend Herausbackens geeignet. Langsam erhitzen. Thea Brat & Saftmeister in der Pfanne zergehen lassen. Das Fleisch sofort einlegen."]},{"key":"Kontakt:","value":["Unilever Austria GmbH","Stella-Klein-Löw-Weg 13, 1020 Wien, Österreich"]}],"nutritions":[{"key":"","value":"Unzubereitet"},{"key":" ","value":"100 g"},{"key":"Energie","value":"3600 kJ | 880 kcal"},{"key":"Fett","value":"98 g"},{"key":"Fett, davon gesättigte Fettsäuren","value":"48 g"},{"key":"Kohlenhydrate","value":"0,6 g"},{"key":"Kohlenhydrate, davon Zucker","value":"0,5 g"},{"key":"Eiweiß","value":"< 0,5 g"},{"key":"Salz","value":"1,3 g"},{"key":"Vitamin A","value":"800 µg | 100 %"},{"key":"Vitamin D","value":"7,5 µg | 150 %"}],"tags":[]},
    {"url":"https://www.interspar.at/shop/lebensmittel/p/2338934","data":[{"key":"price","value":"1,49 €"},{"key":"oldPrice","value":"\n\t\t\t\t\t\n\t\t\t\t\tstatt 1,99 €\n\t\t\t\t"},{"key":"pricePerUnit","value":"(3.73 €/kg)"},{"key":"productDetailsName","value":"Rama - Unwiderstehlich - 400 G"},{"key":"detailsDescription","value":"400 G"},{"key":"articleNumber","value":"Artikelnummer: 2338934"},{"key":"Lagerhinweis:","value":["Bei +2 °C bis +10 °C lagern."]},{"key":"Zutaten:","value":["Zutaten: pflanzliche Fette und Öle (Palm, Raps), 10% BUTTERMILCH, Trinkwasser, Speisesalz (0,3%), Emulgator: Lecithine, Säuerungsmittel: Milchsäure, natürliches Aroma, Vitamine (A, D, E), Farbstoff: Carotine. In Großbuchstaben angegebene Zutaten enthalten allergene Inhaltsstoffe."]},{"key":"Allergene:","value":["Enthält:Milch und daraus gewonnene Erzeugnisse (inkl. Laktose)"]},{"key":"","value":["- Mit natürlichem Farbstoff- Mit natürlichem Aroma"]},{"key":"Kontakt:","value":["Unilever Austria GmbH","Stella-Klein-Löw-Weg 13, Postfach 10, 1023 Wien, Österreich","www.rama.at","0810/200780"]}],"nutritions":[{"key":"","value":"Unzubereitet"},{"key":" ","value":"100 g"},{"key":"Energie","value":"2976 kJ | 711 kcal"},{"key":"Fett","value":"80 g"},{"key":"Fett, davon gesättigte Fettsäuren","value":"32 g"},{"key":"Kohlenhydrate","value":"0,5 g"},{"key":"Kohlenhydrate, davon Zucker","value":"< 0,5 g"},{"key":"Eiweiß","value":"< 0,5 g"},{"key":"Salz","value":"0,32 g"},{"key":"Vitamin A","value":"800 µg"},{"key":"Vitamin D","value":"7,5 µg"},{"key":"Vitamin E","value":"9 mg"}],"tags":[]},
    {"url":"https://www.interspar.at/shop/lebensmittel/p/4842798","data":[{"key":"price","value":"1,79 €"},{"key":"oldPrice","value":"\n\t\t\t\t\t\n\t\t\t\t\t \n\t\t\t\t"},{"key":"pricePerUnit","value":"(7.96 €/kg)"},{"key":"productDetailsName","value":"Rama - mit Butter mit Meersalz - 225 G"},{"key":"detailsDescription","value":"225 G"},{"key":"articleNumber","value":"Artikelnummer: 4842798"},{"key":"Lagerhinweis:","value":["Bei +2 °C bis +10 °C lagern."]},{"key":"Zutaten:","value":["Zutaten: Pflanzliche Öle und Fette (36% Raps, Palm), 10% BUTTER, BUTTERMILCH, Trinkwasser, Meersalz (1%) Emulgator: Lecithine, natürliches Aroma (mit MILCH), Säuerungsmittel: Milchsäure, Farbstoff: Carotine. In Großbuchstaben angegebene Zutaten enthalten allergene Inhaltsstoffe."]},{"key":"Allergene:","value":["Enthält:Milch und daraus gewonnene Erzeugnisse (inkl. Laktose)"]},{"key":"","value":["mit Meersalz, mit Butter und gutem Pflanzenöl"]},{"key":"Kontakt:","value":["Unilever Austria GmbH","Stella-Klein-Löw-Weg 13, Postfach 10, 1023 Wien, Österreich","www.rama.at"]}],"nutritions":[{"key":"","value":"Unzubereitet"},{"key":" ","value":"100 g"},{"key":"Energie","value":"2994 kJ | 717 kcal"},{"key":"Fett","value":"80 g"},{"key":"Fett, davon gesättigte Fettsäuren","value":"30 g"},{"key":"Kohlenhydrate","value":"0,6 g"},{"key":"Kohlenhydrate, davon Zucker","value":"0,6 g"},{"key":"Eiweiß","value":"< 0,5 g"},{"key":"Salz","value":"1 g"}],"tags":[]},
    {"url":"https://www.interspar.at/shop/lebensmittel/p/2020001688166","data":[{"key":"price","value":"0,69 €"},{"key":"oldPrice","value":"\n\t\t\t\t\t\n\t\t\t\t\t \n\t\t\t\t"},{"key":"pricePerUnit","value":"(3.45 €/kg)"},{"key":"productDetailsName","value":"SPAR Natur*pur - Bio-Jogurt Zitrone - 200 G"},{"key":"detailsDescription","value":"200 G"},{"key":"articleNumber","value":"Artikelnummer: 2020001688166"},{"key":"Lagerhinweis:","value":["Vor und nach dem Öffnen gekühlt lagern. Nach dem Öffnen innerhalb von 2-4 Tagen aufbrauchen!"]},{"key":"Zutaten:","value":["Zutaten: JOGURT*, Rübenzucker*, 3,8% Zitronensaft aus Zitronensaftkonzentrat*, 1,4% Zitronenzellen*, 0,4% Zitronenschalen*, Stabilisatoren: Johannisbrotkernmehl, Pektine. *aus biologischer Landwirtschaft. In Großbuchstaben angegebene Zutaten enthalten allergene Inhaltsstoffe."]},{"key":"Allergene:","value":["Enthält:Milch und daraus gewonnene Erzeugnisse (inkl. Laktose)"]},{"key":"","value":["einfach OHNE:  ohne Aromastoffzusatz ohne Konservierungsstoffe** ohne Farbstoffzusatz** ohne Geschmacksverstärker**  **lt. EU-VO (EG) 834/2007"]},{"key":"Bio-Kontrollstelle:","value":["AT-BIO-301"]},{"key":"Ökoherkunft:","value":["EU-/Nicht-EU-Landwirtschaft"]},{"key":"Identitätskennzeichen:","value":["AT 20130 EG"]},{"key":"Ursprungsland/Herkunftsort:","value":["hergestellt in Österreich"]},{"key":"Verbrauchen nach dem Öffnen:","value":["2 Tage"]},{"key":"Kontakt:","value":["SPAR Österr. Warenhandels-AG","Europastraße 3, 5015 Salzburg, Österreich","office@spar.at"]}],"nutritions":[{"key":"","value":"Unzubereitet"},{"key":" ","value":"100 g"},{"key":"Energie","value":"371 kJ | 88 kcal"},{"key":"Fett","value":"2,7 g"},{"key":"Fett, davon gesättigte Fettsäuren","value":"1,8 g"},{"key":"Kohlenhydrate","value":"12 g"},{"key":"Kohlenhydrate, davon Zucker","value":"11,9 g"},{"key":"Ballaststoffe","value":"0,2 g"},{"key":"Eiweiß","value":"3,3 g"},{"key":"Salz","value":"0,1 g"},{"key":"Broteinheiten","value":"1 BE"}],"tags":["Bio"]},
    {"url":"https://www.interspar.at/shop/lebensmittel/p/2020001954230","data":[{"key":"price","value":"0,69 €"},{"key":"oldPrice","value":"\n\t\t\t\t\t\n\t\t\t\t\t \n\t\t\t\t"},{"key":"pricePerUnit","value":"(3.45 €/kg)"},{"key":"productDetailsName","value":"SPAR Natur*pur - Bio-Jogurt Honig-Zimt - 200 G"},{"key":"detailsDescription","value":"200 G"},{"key":"articleNumber","value":"Artikelnummer: 2020001954230"},{"key":"Lagerhinweis:","value":["Vor und nach dem Öffnen gekühlt lagern. Nach dem Öffnen innerhalb von 2-4 Tagen aufbrauchen!"]},{"key":"Zutaten:","value":["Zutaten: JOGURT*, 5% Honig*, Rübenzucker *, Zitronensaftkonzentrat*, Stabilisatoren: Johannisbrotkernmehl, Pektine; 0,05% Zimt*. *aus biologischer Landwirtschaft. In Großbuchstaben angegeben Zutaten enthalten allergene Inhaltsstoffe."]},{"key":"Allergene:","value":["Enthält:Milch und daraus gewonnene Erzeugnisse (inkl. Laktose)"]},{"key":"","value":["einfach OHNE: ohne Aromastoffzusatzohne Konservierungsstoffe** ohne Farbstoffzusatz**ohne Geschmacksverstärker** **lt. EU-VO (EG) 834/2007"]},{"key":"Bio-Kontrollstelle:","value":["AT-BIO-301"]},{"key":"Ökoherkunft:","value":["EU-/Nicht-EU-Landwirtschaft"]},{"key":"Identitätskennzeichen:","value":["AT 20130 EG"]},{"key":"Ursprungsland/Herkunftsort:","value":["hergestellt in Österreich"]},{"key":"Verbrauchen nach dem Öffnen:","value":["2 Tage"]},{"key":"Kontakt:","value":["SPAR Österr. Warenhandels-AG","Europastraße 3, 5015 Salzburg, Österreich","office@spar.at"]}],"nutritions":[{"key":"","value":"Unzubereitet"},{"key":" ","value":"100 g"},{"key":"Energie","value":"373 kJ | 89 kcal"},{"key":"Fett","value":"2,7 g"},{"key":"Fett, davon gesättigte Fettsäuren","value":"1,8 g"},{"key":"Kohlenhydrate","value":"12,3 g"},{"key":"Kohlenhydrate, davon Zucker","value":"11,5 g"},{"key":"Ballaststoffe","value":"0,1 g"},{"key":"Eiweiß","value":"3,2 g"},{"key":"Salz","value":"0,1 g"},{"key":"Broteinheiten","value":"1 BE"}],"tags":["Bio"]},
    {"url":"https://www.interspar.at/shop/lebensmittel/p/2020001954254","data":[{"key":"price","value":"0,69 €"},{"key":"oldPrice","value":"\n\t\t\t\t\t\n\t\t\t\t\t \n\t\t\t\t"},{"key":"pricePerUnit","value":"(3.45 €/kg)"},{"key":"productDetailsName","value":"SPAR Natur*pur - Bio-Jogurt Pflaume-Kardamom - 200 G"},{"key":"detailsDescription","value":"200 G"},{"key":"articleNumber","value":"Artikelnummer: 2020001954254"},{"key":"Lagerhinweis:","value":["Vor und nach dem Öffnen gekühlt lagern. Nach dem Öffnen innerhalb von 2-4 Tagen aufbrauchen!"]},{"key":"Zutaten:","value":["Zutaten: JOGURT*, 12% Pflaumen*, Rohrohrzucker*, Stabilisatoren: Johannisbrotkernmehl, Pektine; Rote Beete Saftkonzentrat*, Zitronensaftkonzentrat*, 0,02% Kardamom*. *aus biologischer Landwirtschaft. In Großbuchstaben angegebene Zutaten enthalten allergene Inhaltsstoffe."]},{"key":"Allergene:","value":["Enthält:Milch und daraus gewonnene Erzeugnisse (inkl. Laktose)"]},{"key":"","value":["einfach OHNE: ohne Aromastoffzusatzohne Konservierungsstoffe**ohne Farbstoffzusatz**ohne Geschmacksverstärker**lt. EU-VO (EG) 834/2007"]},{"key":"Bio-Kontrollstelle:","value":["AT-BIO-301"]},{"key":"Ökoherkunft:","value":["EU-/Nicht-EU-Landwirtschaft"]},{"key":"Identitätskennzeichen:","value":["AT 20130 EG"]},{"key":"Ursprungsland/Herkunftsort:","value":["hergestellt in Österreich"]},{"key":"Verbrauchen nach dem Öffnen:","value":["2 Tage"]},{"key":"Kontakt:","value":["SPAR Österr. Warenhandels-AG","Europastraße 3, 5015 Salzburg, Österreich","office@spar.at"]}],"nutritions":[{"key":"","value":"Unzubereitet"},{"key":" ","value":"100 g"},{"key":"Energie","value":"372 kJ | 88 kcal"},{"key":"Fett","value":"2,7 g"},{"key":"Fett, davon gesättigte Fettsäuren","value":"1,8 g"},{"key":"Kohlenhydrate","value":"12 g"},{"key":"Kohlenhydrate, davon Zucker","value":"11,7 g"},{"key":"Ballaststoffe","value":"0,3 g"},{"key":"Eiweiß","value":"3,3 g"},{"key":"Salz","value":"0,11 g"},{"key":"Broteinheiten","value":"1,1 BE"}],"tags":["Bio"]},
    {"url":"https://www.interspar.at/shop/lebensmittel/p/3573648","data":[{"key":"price","value":"0,69 €"},{"key":"oldPrice","value":"\n\t\t\t\t\t\n\t\t\t\t\t \n\t\t\t\t"},{"key":"pricePerUnit","value":"(3.45 €/kg)"},{"key":"productDetailsName","value":"SPAR Natur*pur - Bio-Jogurt aus Wiesenmilch Pfirsich-Marille - 200 G"},{"key":"detailsDescription","value":"200 G"},{"key":"articleNumber","value":"Artikelnummer: 3573648"},{"key":"Lagerhinweis:","value":["Vor und nach dem Öffnen gekühlt lagern. Nach dem Öffnen innerhalb von 2-4 Tagen aufbrauchen."]},{"key":"Zutaten:","value":["Zutaten: JOGURT*, Rohrohrzucker*, 4% Marillen*, 4% Pfirsiche*, 2% Pfirsichpüree*, 1% Marillensaft aus Marillensaftkonzentrat*, Stabilisatoren: Johannisbrotkernmehl, Zitronensaftkonzentrat*. *aus biologischer Landwirtschaft. In Großbuchstaben angegebene Zutaten enthalten allergene Inhaltsstoffe."]},{"key":"Allergene:","value":["Enthält:Milch und daraus gewonnene Erzeugnisse (inkl. Laktose)"]},{"key":"","value":["ohne Aromazusatz"]},{"key":"Bio-Kontrollstelle:","value":["AT-BIO-301"]},{"key":"Ökoherkunft:","value":["EU-/Nicht-EU-Landwirtschaft"]},{"key":"Identitätskennzeichen:","value":["AT 20130 EG"]},{"key":"Ursprungsland/Herkunftsort:","value":["hergestellt in Österreich"]},{"key":"Verbrauchen nach dem Öffnen:","value":["2 Tage"]},{"key":"Kontakt:","value":["SPAR Österr. Warenhandels-AG","Europastraße 3, 5015 Salzburg, Österreich"]}],"nutritions":[{"key":"","value":"Unzubereitet"},{"key":" ","value":"100 g"},{"key":"Energie","value":"399 kJ | 95 kcal"},{"key":"Fett","value":"2,9 g"},{"key":"Fett, davon gesättigte Fettsäuren","value":"2 g"},{"key":"Kohlenhydrate","value":"13 g"},{"key":"Kohlenhydrate, davon Zucker","value":"13 g"},{"key":"Ballaststoffe","value":"0,3 g"},{"key":"Eiweiß","value":"3,4 g"},{"key":"Salz","value":"0,13 g"},{"key":"Broteinheiten","value":"1,1 BE"}],"tags":["Bio"]},
    {"url":"https://www.interspar.at/shop/lebensmittel/p/3921630","data":[{"key":"price","value":"0,69 €"},{"key":"oldPrice","value":"\n\t\t\t\t\t\n\t\t\t\t\t \n\t\t\t\t"},{"key":"pricePerUnit","value":"(3.45 €/kg)"},{"key":"productDetailsName","value":"SPAR Natur*pur - Bio-Jogurt aus Wiesenmilch Birne-Feige - 200 G"},{"key":"detailsDescription","value":"200 G"},{"key":"articleNumber","value":"Artikelnummer: 3921630"},{"key":"Lagerhinweis:","value":["Vor und nach dem Öffnen gekühlt lagern. Nach dem Öffnen innerhalb von 2-4 Tagen aufbrauchen!"]},{"key":"Zutaten:","value":["Zutaten: JOGURT*, Rohrohrzucker*, 4% Birnen, 4% Feigen, 2% Birnenpüree*, Stabilisatoren: Johannisbrotkernmehl, Pektin, Zitronensaftkonzentrat*. *aus biologischer Landwirtschaft. In Großbuchstaben angegebene Zutaten enthalten allergene Inhaltsstoffe."]},{"key":"Allergene:","value":["Enthält:Milch und daraus gewonnene Erzeugnisse (inkl. Laktose)"]},{"key":"","value":["ohne Aromazusatz"]},{"key":"Bio-Kontrollstelle:","value":["AT-BIO-301"]},{"key":"Ökoherkunft:","value":["EU-/Nicht-EU-Landwirtschaft"]},{"key":"Identitätskennzeichen:","value":["AT 20130 EG"]},{"key":"Ursprungsland/Herkunftsort:","value":["hergestellt in Österreich"]},{"key":"Verbrauchen nach dem Öffnen:","value":["2 Tage"]},{"key":"Kontakt:","value":["SPAR Österr. Warenhandels-AG","Europastraße 3, 5015 Salzburg, Österreich"]}],"nutritions":[{"key":" ","value":"100 g"},{"key":"","value":"Unzubereitet"},{"key":"Energie","value":"414 kJ | 98 kcal"},{"key":"Fett","value":"2,9 g"},{"key":"Fett, davon gesättigte Fettsäuren","value":"2 g"},{"key":"Kohlenhydrate","value":"14 g"},{"key":"Kohlenhydrate, davon Zucker","value":"14 g"},{"key":"Ballaststoffe","value":"0,7 g"},{"key":"Eiweiß","value":"3,4 g"},{"key":"Salz","value":"0,13 g"},{"key":"Broteinheiten","value":"1,2 BE"}],"tags":["Bio"]},
    {"url":"https://www.interspar.at/shop/lebensmittel/p/4006251","data":[{"key":"price","value":"0,69 €"},{"key":"oldPrice","value":"\n\t\t\t\t\t\n\t\t\t\t\t \n\t\t\t\t"},{"key":"pricePerUnit","value":"(3.45 €/kg)"},{"key":"productDetailsName","value":"SPAR Natur*pur - Bio-Jogurt aus Wiesenmilch Himbeer - 200 G"},{"key":"detailsDescription","value":"200 G"},{"key":"articleNumber","value":"Artikelnummer: 4006251"},{"key":"Lagerhinweis:","value":["Vor und nach dem Öffnen gekühlt lagern. Nach dem Öffnen innerhalb von 2-4 Tagen aufbrauchen!"]},{"key":"Zutaten:","value":["Zutaten: JOGURT*, Rohrohrzucker*, 8% Himbeeren*, 2% Himbeersaft aus Himbeerkonzentrat*, Stabilisatoren: Johannisbrotkernmehl, Pektin, Roter Rübensaft aus Roten Rübensaftkonzentrat*, Zitronensaftkonzentrat*. aus biologischer Landwirtschaft. In Großbuchstaben angegebene Zutaten enthalten allergene Inhaltsstoffe."]},{"key":"Allergene:","value":["Enthält:Milch und daraus gewonnene Erzeugnisse (inkl. Laktose)"]},{"key":"Bio-Kontrollstelle:","value":["AT-BIO-301"]},{"key":"Ökoherkunft:","value":["EU-/Nicht-EU-Landwirtschaft"]},{"key":"Identitätskennzeichen:","value":["AT 20130 EG"]},{"key":"Ursprungsland/Herkunftsort:","value":["hergestellt in Österreich"]},{"key":"Verbrauchen nach dem Öffnen:","value":["2 Tage"]},{"key":"Kontakt:","value":["SPAR Österr. Warenhandels-AG","Europastraße 3, 5015 Salzburg, Österreich"]}],"nutritions":[{"key":"","value":"Unzubereitet"},{"key":" ","value":"100 g"},{"key":"Energie","value":"390 kJ | 93 kcal"},{"key":"Fett","value":"2,9 g"},{"key":"Fett, davon gesättigte Fettsäuren","value":"2 g"},{"key":"Kohlenhydrate","value":"12 g"},{"key":"Kohlenhydrate, davon Zucker","value":"12 g"},{"key":"Ballaststoffe","value":"0,6 g"},{"key":"Eiweiß","value":"3,5 g"},{"key":"Salz","value":"0,13 g"},{"key":"Broteinheiten","value":"1 BE"}],"tags":["Bio"]},
    {"url":"https://www.interspar.at/shop/lebensmittel/p/4193494","data":[{"key":"price","value":"1,19 €"},{"key":"oldPrice","value":"\n\t\t\t\t\t\n\t\t\t\t\t \n\t\t\t\t"},{"key":"pricePerUnit","value":"(2.98 €/kg)"},{"key":"productDetailsName","value":"SPAR Natur*pur - Bio-Jogurt aus Wiesenmilch Banane-Müsli - 400 G"},{"key":"detailsDescription","value":"400 G"},{"key":"articleNumber","value":"Artikelnummer: 4193494"},{"key":"Lagerhinweis:","value":["Vor und nach dem Öffnen gekühlt lagern. Nach dem Öffnen innerhalb von 2-4 Tagen aufbrauchen!"]},{"key":"Zutaten:","value":["Zutaten: JOGURT*, Rohrohrzucker*, 5% Bananenpüree*, 2% Apfelsaft* aus Apfelsaftkonzentrat, 1% WEIZENKÖRNER*, 0,7% HASELNÜSSE* geröstet, 0,5% GERSTENKÖRNER*, 0,5% ROGGENKÖRNER*, 0,5% 5-Kornflocken* (HAFER, GERSTE, WEIZEN, ROGGEN, DINKEL), Zitronensaftkonzentrat*, Stabilisatoren: Johannisbrotkernmehl, Pektin. *aus biologischer Landwirtschaft. In Großbuchstaben angegebene Zutaten enthalten allergene Inhaltsstoffe."]},{"key":"Allergene:","value":["Enthält:Glutenhaltiges Getreide und daraus hergestellte Erzeugnisse, Milch und daraus gewonnene Erzeugnisse (inkl. Laktose), Schalenfrüchte und daraus gewonnene Erzeugnisse"]},{"key":"Bio-Kontrollstelle:","value":["AT-BIO-301"]},{"key":"Ökoherkunft:","value":["EU-/Nicht-EU-Landwirtschaft"]},{"key":"Identitätskennzeichen:","value":["AT 20130 EG"]},{"key":"Ursprungsland/Herkunftsort:","value":["hergestellt in Österreich"]},{"key":"Verbrauchen nach dem Öffnen:","value":["2 Tage"]},{"key":"Kontakt:","value":["SPAR Österr. Warenhandels-AG","Europastraße 3, 5015 Salzburg, Österreich"]}],"nutritions":[{"key":"","value":"Unzubereitet"},{"key":" ","value":"100 g"},{"key":"Energie","value":"453 kJ | 108 kcal"},{"key":"Fett","value":"3,2 g"},{"key":"Fett, davon gesättigte Fettsäuren","value":"1,9 g"},{"key":"Kohlenhydrate","value":"15 g"},{"key":"Kohlenhydrate, davon Zucker","value":"14 g"},{"key":"Ballaststoffe","value":"0,7 g"},{"key":"Eiweiß","value":"3,6 g"},{"key":"Salz","value":"0,13 g"},{"key":"Broteinheiten","value":"1,3 BE"}],"tags":["Bio","immer Billig"]},
    {"url":"https://www.interspar.at/shop/lebensmittel/p/4617334","data":[{"key":"price","value":"0,69 €"},{"key":"oldPrice","value":"\n\t\t\t\t\t\n\t\t\t\t\t \n\t\t\t\t"},{"key":"pricePerUnit","value":"(3.45 €/kg)"},{"key":"productDetailsName","value":"SPAR Natur*pur - Bio-Jogurt aus Wiesenmilch Müsli - 200 G"},{"key":"detailsDescription","value":"200 G"},{"key":"articleNumber","value":"Artikelnummer: 4617334"},{"key":"Lagerhinweis:","value":["Vor und nach dem Öffnen gekühlt lagern. Nach dem Öffnen innerhalb von 2-4 Tagen aufbrauchen!"]},{"key":"Zutaten:","value":["Zutaten: JOGURT*, Rohrohrzucker*, 3% Orangensaft aus Orangensaftkonzentrat*, 2% Pfirsiche*, 2% Kornflocken* (HAFER*, GERSTE*, WEIZEN*, ROGGEN*, DINKEL*), 1% Pfirsichpüree*, 1% Bananenpüree*, 1% Orangenzellen*, 1% Sultaninen*, 0,4% HASELNÜSSE*, WEIZENMALZ*, Zitronensaftkonzentrat*, Stabilisator: Johannisbrotkernmehl. *aus biologischer Landwirtschaft. In Großbuchstaben angegebene Zutaten enthalten allergene Inhaltsstoffe."]},{"key":"Allergene:","value":["Enthält:Glutenhaltiges Getreide und daraus hergestellte Erzeugnisse, Milch und daraus gewonnene Erzeugnisse (inkl. Laktose), Schalenfrüchte und daraus gewonnene Erzeugnisse"]},{"key":"","value":["ohne Aromazusatz"]},{"key":"Bio-Kontrollstelle:","value":["AT-BIO-301"]},{"key":"Ökoherkunft:","value":["EU-/Nicht-EU-Landwirtschaft"]},{"key":"Identitätskennzeichen:","value":["AT 20130 EG"]},{"key":"Ursprungsland/Herkunftsort:","value":["hergestellt in Österreich"]},{"key":"Verbrauchen nach dem Öffnen:","value":["2 Tage"]},{"key":"Kontakt:","value":["SPAR Österr. Warenhandels-AG","Europastraße 3, 5015 Salzburg, Österreich"]}],"nutritions":[{"key":"","value":"Unzubereitet"},{"key":" ","value":"100 g"},{"key":"Energie","value":"446 Kg | 106 kcal"},{"key":"Fett","value":"3,2 g"},{"key":"Fett, davon gesättigte Fettsäuren","value":"2 g"},{"key":"Kohlenhydrate","value":"15 g"},{"key":"Kohlenhydrate, davon Zucker","value":"13 g"},{"key":"Ballaststoffe","value":"0,5 g"},{"key":"Eiweiß","value":"3,8 g"},{"key":"Salz","value":"0,13 g"},{"key":"Broteinheiten","value":"1,2 BE"}],"tags":["Bio"]},
    {"url":"https://www.interspar.at/shop/lebensmittel/p/6753672","data":[{"key":"price","value":"0,69 €"},{"key":"oldPrice","value":"\n\t\t\t\t\t\n\t\t\t\t\t \n\t\t\t\t"},{"key":"pricePerUnit","value":"(3.45 €/kg)"},{"key":"productDetailsName","value":"SPAR Natur*pur - Bio-Jogurt aus Wiesenmilch Vanille - 200 G"},{"key":"detailsDescription","value":"200 G"},{"key":"articleNumber","value":"Artikelnummer: 6753672"},{"key":"Lagerhinweis:","value":["Vor und nach dem Öffnen gekühlt lagern. Nach dem Öffnen innerhalb von 2-4 Tagen aufbrauchen!"]},{"key":"Zutaten:","value":["Zutaten: JOGURT*, Rohrohrzucker*, Stabilisator: Pektin, Zitronensaftkonzentrat*, 0,07% Bourbon-Vanillepulver*. * aus biologischer Landwirtschaft. In Großbuchstaben angegebene Zutaten enthalten allergene Inhaltsstoffe."]},{"key":"Allergene:","value":["Enthält:Milch und daraus gewonnene Erzeugnisse (inkl. Laktose)"]},{"key":"","value":["ohne Aromazusatz"]},{"key":"Bio-Kontrollstelle:","value":["AT-BIO-301"]},{"key":"Ökoherkunft:","value":["EU-/Nicht-EU-Landwirtschaft"]},{"key":"Identitätskennzeichen:","value":["AT 20130 EG"]},{"key":"Ursprungsland/Herkunftsort:","value":["hergestellt in Österreich"]},{"key":"Verbrauchen nach dem Öffnen:","value":["2 Tage"]},{"key":"Kontakt:","value":["SPAR Österr. Warenhandels-AG","Europastraße 3, 5015 Salzburg, Österreich"]}],"nutritions":[{"key":" ","value":"100 g"},{"key":"","value":"Unzubereitet"},{"key":"Energie","value":"398 kJ | 94 kcal"},{"key":"Fett","value":"2,9 g"},{"key":"Fett, davon gesättigte Fettsäuren","value":"2 g"},{"key":"Kohlenhydrate","value":"13 g"},{"key":"Kohlenhydrate, davon Zucker","value":"13 g"},{"key":"Ballaststoffe","value":"0,1 g"},{"key":"Eiweiß","value":"3,4 g"},{"key":"Salz","value":"0,13 g"},{"key":"Broteinheiten","value":"1,1 BE"}],"tags":["Bio"]},
    {"url":"https://www.interspar.at/shop/lebensmittel/p/2020000953692","data":[{"key":"price","value":"0,69 €"},{"key":"oldPrice","value":"\n\t\t\t\t\t\n\t\t\t\t\t \n\t\t\t\t"},{"key":"pricePerUnit","value":"(3.45 €/kg)"},{"key":"productDetailsName","value":"SPAR Natur*pur - Bio-Jogurt Brombeer-Lavendel - 200 G"},{"key":"detailsDescription","value":"200 G"},{"key":"articleNumber","value":"Artikelnummer: 2020000953692"},{"key":"Lagerhinweis:","value":["Vor und nach dem Öffnen gekühlt bei 4-6°C lagern. Nach dem Öffnen innerhalb von 2-4 Tagen aufbrauchen!"]},{"key":"Zutaten:","value":["Zutaten: JOGURT*, Rübenzucker*, 6% Brombeeren*, 6% Brombeerpüree*, Stabilisatoren: Pektin, Johannisbrotkernmehl, 0,07% Lavendelblüten*. * aus biologischer Landwirtschaft. In Großbuchstaben angegebene Zutaten enthalten allergene Inhaltsstoffe."]},{"key":"Allergene:","value":["Enthält:Milch und daraus gewonnene Erzeugnisse (inkl. Laktose)"]},{"key":"","value":["einfach OHNE:ohne Aromastoffzusatzohne Konservierungsstoffe**ohne Farbstoffzusatz**ohne Geschmacksverstärker****lt. EU-VO (EG) 834/2007"]},{"key":"Bio-Kontrollstelle:","value":["AT-BIO-301"]},{"key":"Ökoherkunft:","value":["EU-/Nicht-EU-Landwirtschaft"]},{"key":"Identitätskennzeichen:","value":["AT 20130 EG"]},{"key":"Ursprungsland/Herkunftsort:","value":["hergestellt in Österreich"]},{"key":"Kontakt:","value":["SPAR Österr. Warenhandels-AG","Europastraße 3, 5015 Salzburg, Österreich","office@spar.at"]}],"nutritions":[{"key":"","value":"Unzubereitet"},{"key":"Energie","value":"396 kJ | 94 kcal"},{"key":"Fett","value":"2,8 g"},{"key":"Fett, davon gesättigte Fettsäuren","value":"1,8 g"},{"key":"Kohlenhydrate","value":"13 g"},{"key":"Kohlenhydrate, davon Zucker","value":"13 g"},{"key":"Ballaststoffe","value":"0,5 g"},{"key":"Eiweiß","value":"3,4 g"},{"key":"Salz","value":"0,1 g"},{"key":"Broteinheiten","value":"1,1 BE"}],"tags":["Bio"]},
    {"url":"https://www.interspar.at/shop/lebensmittel/p/2020000432289","data":[{"key":"price","value":"1,19 €"},{"key":"oldPrice","value":"\n\t\t\t\t\t\n\t\t\t\t\t \n\t\t\t\t"},{"key":"pricePerUnit","value":"(2.98 €/kg)"},{"key":"productDetailsName","value":"SPAR Natur*pur - Bio-Jogurt Erdbeer - 400 G"},{"key":"detailsDescription","value":"400 G"},{"key":"articleNumber","value":"Artikelnummer: 2020000432289"},{"key":"Lagerhinweis:","value":["Vor und nach dem Öffnen gekühlt lagern. Nach dem Öffnen innerhalb von 2-4 Tagen verbrauchen!"]},{"key":"Zutaten:","value":["Zutaten: JOGURT*, 12% Erdbeeren*, Rübenzucker*, Stabilisator: Pektin, Limettensaft*, Rote Beete Saftkonzentrat*, Zitronensaftkonzentrat*, schwarzes Karottensaftkonzentrat*. *aus biologischer Landwirtschaft. In Großbuchstaben angegebene Zutaten enthalten allergene Inhaltsstoffe."]},{"key":"Allergene:","value":["Enthält:Milch und daraus gewonnene Erzeugnisse (inkl. Laktose)"]},{"key":"","value":["ohne Aromazusatz"]},{"key":"Bio-Kontrollstelle:","value":["AT-BIO-301"]},{"key":"Ökoherkunft:","value":["EU-/Nicht-EU-Landwirtschaft"]},{"key":"Identitätskennzeichen:","value":["AT 20130 EG"]},{"key":"Ursprungsland/Herkunftsort:","value":["hergestellt in Österreich"]},{"key":"Verbrauchen nach dem Öffnen:","value":["2 Tage"]},{"key":"Kontakt:","value":["SPAR Österr. Warenhandels-AG","Europastraße 3, 5015 Salzburg, Österreich"]}],"nutritions":[{"key":"","value":"Unzubereitet"},{"key":" ","value":"100 g"},{"key":"Energie","value":"375 kJ | 89 kcal"},{"key":"Fett","value":"2,8 g"},{"key":"Fett, davon gesättigte Fettsäuren","value":"1,8 g"},{"key":"Kohlenhydrate","value":"12 g"},{"key":"Kohlenhydrate, davon Zucker","value":"12 g"},{"key":"Ballaststoffe","value":"0,3 g"},{"key":"Eiweiß","value":"3,3 g"},{"key":"Salz","value":"0,11 g"},{"key":"Broteinheiten","value":"1 BE"}],"tags":["Bio","immer Billig"]},
    {"url":"https://www.interspar.at/shop/lebensmittel/p/2020000671596","data":[{"key":"price","value":"0,89 €"},{"key":"oldPrice","value":"\n\t\t\t\t\t\n\t\t\t\t\t \n\t\t\t\t"},{"key":"pricePerUnit","value":"(5.93 €/kg)"},{"key":"productDetailsName","value":"SPAR Natur*pur - Bio-Erdbeer-Jogurt Knuspermüsli Rote Früchte - 150 G"},{"key":"detailsDescription","value":"150 G"},{"key":"articleNumber","value":"Artikelnummer: 2020000671596"},{"key":"Lagerhinweis:","value":["Vor und nach dem Öffnen bei 4-6°C lagern. Nach dem Öffnen innerhalb von 2 Tagen genießen!"]},{"key":"Zutaten:","value":["Zutaten: JOGURT*, Knuspermüslimischung (55% VOLLKORNHAFERFLOCKEN*, Zucker*, Sonnenblumenöl*, DINKELMEHL*, 4,5% getrocknete Erdbeeren*, 4,5% getrocknete Himbeeren*, 4,5% getrocknete Sauerkirschen*, Glucosesirup*, Honig*, Meersalz), Zucker*, 7,2% Erdbeeren*, Wasser, Stärke*, färbendes Rote Rüben-Saftkonzentrat*, Zitronensaftkonzentrat*. *aus biologischer Landwirtschaft. In Großbuchstaben angegebene Zutaten enthalten allergene Inhaltsstoffe."]},{"key":"Allergene:","value":["Kann Spuren enthalten von:Erdnüsse und daraus gewonnene Erzeugnisse, Schalenfrüchte und daraus gewonnene Erzeugnisse, Sesamsamen und daraus gewonnene Erzeugnisse, Sojabohnen und daraus gewonnene Erzeugnisse","Enthält:Glutenhaltiges Getreide und daraus hergestellte Erzeugnisse, Milch und daraus gewonnene Erzeugnisse (inkl. Laktose)"]},{"key":"Bio-Kontrollstelle:","value":["AT-BIO-902"]},{"key":"Ökoherkunft:","value":["EU-/Nicht-EU-Landwirtschaft"]},{"key":"Identitätskennzeichen:","value":["AT 50164 EG"]},{"key":"Zusatztext:","value":["130g Jogurt + 20g Müsli"]},{"key":"Ursprungsland/Herkunftsort:","value":["hergestellt in Österreich"]},{"key":"Verbrauchen nach dem Öffnen:","value":["2 Tage"]},{"key":"Kontakt:","value":["SPAR Österr. Warenhandels-AG","Europastraße 3, 5015 Salzburg, Österreich"]}],"nutritions":[{"key":"","value":"Unzubereitet"},{"key":" ","value":"100 g"},{"key":"Energie","value":"598 kJ | 142 kcal"},{"key":"Fett","value":"3,8 g"},{"key":"Fett, davon gesättigte Fettsäuren","value":"1,8 g"},{"key":"Kohlenhydrate","value":"22 g"},{"key":"Kohlenhydrate, davon Zucker","value":"17 g"},{"key":"Ballaststoffe","value":"1,2 g"},{"key":"Eiweiß","value":"4,9 g"},{"key":"Salz","value":"0,08 g"},{"key":"Broteinheiten","value":"1,8 BE"}],"tags":["Bio","immer Billig"]},
    {"url":"https://www.interspar.at/shop/lebensmittel/p/2020000671718","data":[{"key":"price","value":"0,89 €"},{"key":"oldPrice","value":"\n\t\t\t\t\t\n\t\t\t\t\t \n\t\t\t\t"},{"key":"pricePerUnit","value":"(5.93 €/kg)"},{"key":"productDetailsName","value":"SPAR Natur*pur - Bio-Vanille-Jogurt Knuspermüsli Schoko - 150 G"},{"key":"detailsDescription","value":"150 G"},{"key":"articleNumber","value":"Artikelnummer: 2020000671718"},{"key":"Lagerhinweis:","value":["Vor und nach dem Öffnen bei 4-6°C lagern. Nach dem Öffnen innerhalb von 2 Tagen genießen!"]},{"key":"Zutaten:","value":["Zutaten: JOGURT*, Knuspermüslimischung [44% VOLLKORNHAFERFLOCKEN*, 18% Vollmilchschokoladeblättchen (Rohrzucker*, Kakaomasse* VOLLMILCHPULVER*, Kakaobutter*), Zucker*, 12% schokolierte Cornflakes (Mais*, Zucker*, VOLLMILCHPULVER*, Kakaobutter*, Kakaomasse*, GERSTENMALZEXTRAKT*), Sonnenblumenöl*, Emulgator: Lecithine*, DINKELMEHL*, Glucosesirup*, Honig*, Meersalz], Zucker*, Wasser, Stärke*, Bourbon-Vanille*, Zitronensaftkonzentrat*. *aus biologischer Landwirtschaft. In Großbuchstaben angegebene Zutaten enthalten allergene Inhaltsstoffe."]},{"key":"Allergene:","value":["Kann Spuren enthalten von:Erdnüsse und daraus gewonnene Erzeugnisse, Schalenfrüchte und daraus gewonnene Erzeugnisse, Sesamsamen und daraus gewonnene Erzeugnisse, Sojabohnen und daraus gewonnene Erzeugnisse","Enthält:Glutenhaltiges Getreide und daraus hergestellte Erzeugnisse, Milch und daraus gewonnene Erzeugnisse (inkl. Laktose)"]},{"key":"Bio-Kontrollstelle:","value":["AT-BIO-902"]},{"key":"Ökoherkunft:","value":["EU-/Nicht-EU-Landwirtschaft"]},{"key":"Identitätskennzeichen:","value":["AT 50164 EG"]},{"key":"Zusatztext:","value":["130g Jogurt + 20g Müsli"]},{"key":"Ursprungsland/Herkunftsort:","value":["hergestellt in Österreich"]},{"key":"Verbrauchen nach dem Öffnen:","value":["2 Tage"]},{"key":"Kontakt:","value":["SPAR Österr. Warenhandels-AG","Europastraße 3, 5015 Salzburg, Österreich"]}],"nutritions":[{"key":"","value":"Unzubereitet"},{"key":" ","value":"100 g"},{"key":"Energie","value":"607 kJ | 144 kcal"},{"key":"Fett","value":"4,5 g"},{"key":"Fett, davon gesättigte Fettsäuren","value":"2,4 g"},{"key":"Kohlenhydrate","value":"21 g"},{"key":"Kohlenhydrate, davon Zucker","value":"16 g"},{"key":"Ballaststoffe","value":"0,8 g"},{"key":"Eiweiß","value":"4,9 g"},{"key":"Salz","value":"0,08 g"},{"key":"Broteinheiten","value":"1,8 BE"}],"tags":["Bio","immer Billig"]},
    {"url":"https://www.interspar.at/shop/lebensmittel/p/2020001706167","data":[{"key":"price","value":"0,69 €"},{"key":"oldPrice","value":"\n\t\t\t\t\t\n\t\t\t\t\t \n\t\t\t\t"},{"key":"pricePerUnit","value":"(3.45 €/kg)"},{"key":"productDetailsName","value":"SPAR Natur*pur - Bio-Jogurt Heidelbeer - 200 G"},{"key":"detailsDescription","value":"200 G"},{"key":"articleNumber","value":"Artikelnummer: 2020001706167"},{"key":"Lagerhinweis:","value":["Vor und nach dem Öffnen gekühlt lagern. Nach dem Öffnen innerhalb von 2-4 Tagen aufbrauchen!"]},{"key":"Zutaten:","value":["Zutaten: JOGURT*, 9,6% Heidelbeeren*, Rübenzucker*, 2,4% Heidelbeersaft aus Heidelbeersaftkonzentrat*, Stabilisatoren: Pektine,Johannisbrotkernmehl; Zitronensaftkonzentrat*. *aus biologischer Landwirtschaft. In Großbuchstaben angegebene Zutaten enthalten allergene Inhaltsstoffe."]},{"key":"Allergene:","value":["Enthält:Milch und daraus gewonnene Erzeugnisse (inkl. Laktose)"]},{"key":"","value":["einfach OHNE: ohne Aromastoffzusatzohne Konservierungsstoffe**ohne Farbstoffzusatz**ohne Geschmacksverstärker****lt. EU-VO (EG) 834/2007"]},{"key":"Bio-Kontrollstelle:","value":["AT-BIO-301"]},{"key":"Ökoherkunft:","value":["EU-/Nicht-EU-Landwirtschaft"]},{"key":"Identitätskennzeichen:","value":["AT 20130 EG"]},{"key":"Ursprungsland/Herkunftsort:","value":["hergestellt in Österreich"]},{"key":"Verbrauchen nach dem Öffnen:","value":["2 Tage"]},{"key":"Kontakt:","value":["SPAR Österr. Warenhandels-AG","Europastraße 3, 5015 Salzburg, Österreich","office@spar.at"]}],"nutritions":[{"key":"","value":"Unzubereitet"},{"key":" ","value":"100 g"},{"key":"Energie","value":"378 kJ | 90 kcal"},{"key":"Fett","value":"2,8 g"},{"key":"Fett, davon gesättigte Fettsäuren","value":"1,8 g"},{"key":"Kohlenhydrate","value":"12 g"},{"key":"Kohlenhydrate, davon Zucker","value":"12 g"},{"key":"Ballaststoffe","value":"0,6 g"},{"key":"Eiweiß","value":"3,3 g"},{"key":"Salz","value":"0,1 g"},{"key":"Broteinheiten","value":"1 BE"}],"tags":["Bio"]},
    {"url":"https://www.interspar.at/shop/lebensmittel/p/2450094","data":[{"key":"price","value":"0,78 €"},{"key":"oldPrice","value":"\n\t\t\t\t\t\n\t\t\t\t\t \n\t\t\t\t"},{"key":"pricePerUnit","value":"(1.95 €/kg)"},{"key":"productDetailsName","value":"SPAR Natur*pur - Bio-Naturjogurt 3,6% Fett aus Wiesenmilch - 400 G"},{"key":"detailsDescription","value":"400 G"},{"key":"articleNumber","value":"Artikelnummer: 2450094"},{"key":"Lagerhinweis:","value":["Vor und nach dem Öffnen gekühlt lagern. Nach dem Öffnen innerhalb von 2-4 Tagen aufbrauchen!"]},{"key":"Zutaten:","value":["Zutaten: MILCH*, MILCHEIWEISS*. *aus biologischer Landwirtschaft. In Großbuchstaben angegebene Zutaten enthalten allergene Inhaltsstoffe."]},{"key":"Allergene:","value":["Enthält:Milch und daraus gewonnene Erzeugnisse (inkl. Laktose)"]},{"key":"Bio-Kontrollstelle:","value":["AT-BIO-301"]},{"key":"Ökoherkunft:","value":["Österreich-Landwirtschaft"]},{"key":"Identitätskennzeichen:","value":["AT 20130 EG"]},{"key":"Ursprungsland/Herkunftsort:","value":["Qualität aus Österreich"]},{"key":"Verbrauchen nach dem Öffnen:","value":["2 Tage"]},{"key":"Kontakt:","value":["SPAR Österr. Warenhandels-AG","Europastraße 3, 5015 Salzburg, Österreich"]}],"nutritions":[{"key":" ","value":"100 g"},{"key":"","value":"Unzubereitet"},{"key":"Energie","value":"285 kJ | 68 kcal"},{"key":"Fett","value":"3,6 g"},{"key":"Fett, davon gesättigte Fettsäuren","value":"2,2 g"},{"key":"Kohlenhydrate","value":"4,2 g"},{"key":"Kohlenhydrate, davon Zucker","value":"4,2 g"},{"key":"Ballaststoffe","value":"0 g"},{"key":"Eiweiß","value":"4,2 g"},{"key":"Salz","value":"0,13 g"},{"key":"Broteinheiten","value":"0,4 BE"}],"tags":["Bio","immer Billig"]},
    {"url":"https://www.interspar.at/shop/lebensmittel/p/3893098","data":[{"key":"price","value":"0,78 €"},{"key":"oldPrice","value":"\n\t\t\t\t\t\n\t\t\t\t\t \n\t\t\t\t"},{"key":"pricePerUnit","value":"(1.95 €/kg)"},{"key":"productDetailsName","value":"SPAR Natur*pur - Bio-Naturjogurt 5% aus Wiesenmilch - 400 G"},{"key":"detailsDescription","value":"400 G"},{"key":"articleNumber","value":"Artikelnummer: 3893098"},{"key":"Lagerhinweis:","value":["Vor und nach dem Öffnen gekühlt lagern. Nach dem Öffnen innerhalb von 2-4 Tagen aufbrauchen!"]},{"key":"Bio-Kontrollstelle:","value":["AT-BIO-301"]},{"key":"Ökoherkunft:","value":["Österreich-Landwirtschaft"]},{"key":"Identitätskennzeichen:","value":["AT 20130 EG"]},{"key":"Ursprungsland/Herkunftsort:","value":["Qualität aus Österreich"]},{"key":"Verbrauchen nach dem Öffnen:","value":["2 Tage"]},{"key":"Kontakt:","value":["SPAR Österr. Warenhandels-AG","Europastraße 3, 5015 Salzburg, Österreich"]}],"nutritions":[{"key":"","value":"Unzubereitet"},{"key":" ","value":"100 g"},{"key":"Energie","value":"325 kJ | 78 kcal"},{"key":"Fett","value":"5 g"},{"key":"Fett, davon gesättigte Fettsäuren","value":"3,5 g"},{"key":"Kohlenhydrate","value":"4,2 g"},{"key":"Kohlenhydrate, davon Zucker","value":"4,2 g"},{"key":"Ballaststoffe","value":"0 g"},{"key":"Eiweiß","value":"3,5 g"},{"key":"Salz","value":"0,13 g"},{"key":"Broteinheiten","value":"0,4 BE"}],"tags":["Bio","immer Billig"]},
    {"url":"https://www.interspar.at/shop/lebensmittel/p/2020000432272","data":[{"key":"price","value":"1,19 €"},{"key":"oldPrice","value":"\n\t\t\t\t\t\n\t\t\t\t\t \n\t\t\t\t"},{"key":"pricePerUnit","value":"(2.98 €/kg)"},{"key":"productDetailsName","value":"SPAR Natur*pur - Bio-Jogurt Heidelbeer-Cassis - 400 G"},{"key":"detailsDescription","value":"400 G"},{"key":"articleNumber","value":"Artikelnummer: 2020000432272"},{"key":"Lagerhinweis:","value":["Vor und nach dem Öffnen gekühlt lagern. Nach dem Öffnen innerhalb von 2-4 Tagen verbrauchen!"]},{"key":"Zutaten:","value":["Zutaten: JOGURT*, 9,6% Heidelbeeren*, Rübenzucker*, 2,4% schwarze Johannisbeeren*, Stabilisatoren: Johannisbrotkernmehl, Pektin. *aus biologischer Landwirtschaft  In Großbuchstaben angegebene Zutaten enthalten allergene Inhaltsstoffe."]},{"key":"Allergene:","value":["Enthält:Milch und daraus gewonnene Erzeugnisse (inkl. Laktose)"]},{"key":"","value":["ohne Aromazusatz"]},{"key":"Bio-Kontrollstelle:","value":["AT-BIO-301"]},{"key":"Ökoherkunft:","value":["EU-/Nicht-EU-Landwirtschaft"]},{"key":"Identitätskennzeichen:","value":["AT 20130 EG"]},{"key":"Ursprungsland/Herkunftsort:","value":["hergestellt in Österreich"]},{"key":"Verbrauchen nach dem Öffnen:","value":["2 Tage"]},{"key":"Kontakt:","value":["SPAR Österr. Warenhandels-AG","Europastraße 3, 5015 Salzburg, Österreich"]}],"nutritions":[{"key":"","value":"Unzubereitet"},{"key":" ","value":"100 g"},{"key":"Energie","value":"379 kJ | 90 kcal"},{"key":"Fett","value":"2,8 g"},{"key":"Fett, davon gesättigte Fettsäuren","value":"1,8 g"},{"key":"Kohlenhydrate","value":"12 g"},{"key":"Kohlenhydrate, davon Zucker","value":"12 g"},{"key":"Ballaststoffe","value":"0,8 g"},{"key":"Eiweiß","value":"3,3 g"},{"key":"Salz","value":"0,1 g"},{"key":"Broteinheiten","value":"1 BE"}],"tags":["Bio","immer Billig"]},
    {"url":"https://www.interspar.at/shop/lebensmittel/p/2933627","data":[{"key":"price","value":"0,89 €"},{"key":"oldPrice","value":"\n\t\t\t\t\t\n\t\t\t\t\t \n\t\t\t\t"},{"key":"pricePerUnit","value":"(1.78 €/kg)"},{"key":"productDetailsName","value":"SPAR - Fruchtjogurt Erdbeer - 500 G"},{"key":"detailsDescription","value":"500 G"},{"key":"articleNumber","value":"Artikelnummer: 2933627"},{"key":"Lagerhinweis:","value":["Vor und nach dem Öffnen gekühlt lagern. Nach dem Öffnen innerhalb weniger Tage verbrauchen."]},{"key":"Zutaten:","value":["Zutaten: JOGURT, Fruchtzubereitung (Erdbeeren, Zucker, Glucose-Fructose-Sirup, modifizierte Stärke, Karottensaftkonzentrat, Säureregulator: Citronensäure). In Großbuchstaben angegebene Zutaten enthalten allergene Inhaltsstoffe."]},{"key":"Allergene:","value":["Enthält:Milch und daraus gewonnene Erzeugnisse (inkl. Laktose)"]},{"key":"","value":["Frei von Aromen","Ohne Konservierungsstoffe"]},{"key":"Identitätskennzeichen:","value":["AT 20130 EG"]},{"key":"Ursprungsland/Herkunftsort:","value":["hergestellt in Österreich"]},{"key":"Kontakt:","value":["SPAR Österr. Warenhandels-AG","Europastraße 3, 5015 Salzburg, Österreich"]}],"nutritions":[{"key":" ","value":"100 g"},{"key":"","value":"Unzubereitet"},{"key":"Energie","value":"370 kJ | 88 kcal"},{"key":"Fett","value":"2,5 g"},{"key":"Fett, davon gesättigte Fettsäuren","value":"1,7 g"},{"key":"Kohlenhydrate","value":"13 g"},{"key":"Kohlenhydrate, davon Zucker","value":"12 g"},{"key":"Ballaststoffe","value":"0 g"},{"key":"Eiweiß","value":"2,8 g"},{"key":"Salz","value":"0,11 g"},{"key":"Broteinheiten","value":"1,1 BE"}],"tags":[]},
    {"url":"https://www.interspar.at/shop/lebensmittel/p/2935317","data":[{"key":"price","value":"0,89 €"},{"key":"oldPrice","value":"\n\t\t\t\t\t\n\t\t\t\t\t \n\t\t\t\t"},{"key":"pricePerUnit","value":"(1.78 €/kg)"},{"key":"productDetailsName","value":"SPAR - Fruchtjogurt Heidelbeer - 500 G"},{"key":"detailsDescription","value":"500 G"},{"key":"articleNumber","value":"Artikelnummer: 2935317"},{"key":"Lagerhinweis:","value":["Vor und nach dem Öffnen gekühlt lagern. Nach dem Öffnen innerhalb weniger Tage verbrauchen."]},{"key":"Zutaten:","value":["Zutaten: JOGURT, 22% Fruchtzubereitung (Heidelbeeren, Zucker, Glucose-Fructose-Sirup, Heidelbeersaft aus Konzentrat, modifizierte Stärke, Säureregulator: Natriumcitrat, Citronensäure).In Großbuchstaben angegebene Zutaten enthalten allergene Inhaltsstoffe."]},{"key":"Allergene:","value":["Enthält:Milch und daraus gewonnene Erzeugnisse (inkl. Laktose)"]},{"key":"","value":["ohne Aromazusatz"]},{"key":"","value":["Ohne Konservierungsstoffe"]},{"key":"Identitätskennzeichen:","value":["AT 20130 EG"]},{"key":"Ursprungsland/Herkunftsort:","value":["hergestellt in Österreich"]},{"key":"Kontakt:","value":["SPAR Österr. Warenhandels-AG","Europastraße 3, 5015 Salzburg, Österreich"]}],"nutritions":[{"key":"","value":"Unzubereitet"},{"key":" ","value":"100 g"},{"key":"Energie","value":"387 kJ | 92 kcal"},{"key":"Fett","value":"2,5 g"},{"key":"Fett, davon gesättigte Fettsäuren","value":"1,7 g"},{"key":"Kohlenhydrate","value":"14 g"},{"key":"Kohlenhydrate, davon Zucker","value":"13 g"},{"key":"Ballaststoffe","value":"0 g"},{"key":"Eiweiß","value":"2,8 g"},{"key":"Salz","value":"0,11 g"},{"key":"Broteinheiten","value":"1,2 BE"}],"tags":[]},
    {"url":"https://www.interspar.at/shop/lebensmittel/p/4971177","data":[{"key":"price","value":"0,89 €"},{"key":"oldPrice","value":"\n\t\t\t\t\t\n\t\t\t\t\t \n\t\t\t\t"},{"key":"pricePerUnit","value":"(1.78 €/kg)"},{"key":"productDetailsName","value":"SPAR - Frucht Jogurt Ananas Mango - 500 G"},{"key":"detailsDescription","value":"500 G"},{"key":"articleNumber","value":"Artikelnummer: 4971177"},{"key":"Lagerhinweis:","value":["Vor und nach dem Öffnen gekühlt lagern. Nach dem Öffnen innerhalb weniger Tage verbrauchen."]},{"key":"Zutaten:","value":["Zutaten: JOGURT, Fruchtzubereitung (Zucker, Ananas, Mangopüree aus Mangopüreekonzentrat, Glucose-Fructose-Sirup, Stabilisator: Pektin, modifizierte Stärke, Citronensaftkonzentrat). In Großbuchstaben angegebene Zutaten enthalten allergene Inhaltsstoffe."]},{"key":"Allergene:","value":["Enthält:Milch und daraus gewonnene Erzeugnisse (inkl. Laktose)"]},{"key":"","value":["ohne Aromazusatz"]},{"key":"","value":["Ohne Konservierungsstoffe"]},{"key":"Identitätskennzeichen:","value":["AT 20130 EG"]},{"key":"Ursprungsland/Herkunftsort:","value":["hergestellt in Österreich"]},{"key":"Kontakt:","value":["SPAR Österr. Warenhandels-AG","Europastraße 3, 5015 Salzburg, Österreich"]}],"nutritions":[{"key":"","value":"Unzubereitet"},{"key":" ","value":"100 g"},{"key":"Energie","value":"388 kJ | 92 kcal"},{"key":"Fett","value":"2,5 g"},{"key":"Fett, davon gesättigte Fettsäuren","value":"1,7 g"},{"key":"Kohlenhydrate","value":"14 g"},{"key":"Kohlenhydrate, davon Zucker","value":"13 g"},{"key":"Ballaststoffe","value":"0,1 g"},{"key":"Eiweiß","value":"2,8 g"},{"key":"Salz","value":"0,11 g"},{"key":"Broteinheiten","value":"1,2 BE"}],"tags":[]},
    {"url":"https://www.interspar.at/shop/lebensmittel/p/4971283","data":[{"key":"price","value":"0,89 €"},{"key":"oldPrice","value":"\n\t\t\t\t\t\n\t\t\t\t\t \n\t\t\t\t"},{"key":"pricePerUnit","value":"(1.78 €/kg)"},{"key":"productDetailsName","value":"SPAR - Jogurt Vanille - 500 G"},{"key":"detailsDescription","value":"500 G"},{"key":"articleNumber","value":"Artikelnummer: 4971283"},{"key":"Lagerhinweis:","value":["Vor und nach dem Öffnen gekühlt lagern. Nach dem Öffnen innerhalb weniger Tage verbrauchen."]},{"key":"Zutaten:","value":["Zutaten: JOGURT, Vanillezubereitung (Zucker, Glucose-Fructose-Sirup, modifizierte Stärke, Stabilisator: Pektin, Säureregulator: Citronensäure, 0,06% Bourbon-Vanilleschotenpulver, karamellisierter Zucker). In Großbuchstaben angegebene Zutaten enthalten allergene Inhaltsstoffe."]},{"key":"Allergene:","value":["Enthält:Milch und daraus gewonnene Erzeugnisse (inkl. Laktose)"]},{"key":"","value":["ohne Aromazusatz"]},{"key":"","value":["Ohne Konservierungsstoffe"]},{"key":"Identitätskennzeichen:","value":["AT 20130 EG"]},{"key":"Ursprungsland/Herkunftsort:","value":["hergestellt in Österreich"]},{"key":"Kontakt:","value":["SPAR Österr. Warenhandels-AG","Europastraße 3, 5015 Salzburg, Österreich"]}],"nutritions":[{"key":" ","value":"100 g"},{"key":"","value":"Unzubereitet"},{"key":"Energie","value":"393 kJ | 93 kcal"},{"key":"Fett","value":"2,6 g"},{"key":"Fett, davon gesättigte Fettsäuren","value":"1,8 g"},{"key":"Kohlenhydrate","value":"14 g"},{"key":"Kohlenhydrate, davon Zucker","value":"13 g"},{"key":"Ballaststoffe","value":"0 g"},{"key":"Eiweiß","value":"2,9 g"},{"key":"Salz","value":"0,11 g"},{"key":"Broteinheiten","value":"1,2 BE"}],"tags":[]},
    {"url":"https://www.interspar.at/shop/lebensmittel/p/4971511","data":[{"key":"price","value":"0,89 €"},{"key":"oldPrice","value":"\n\t\t\t\t\t\n\t\t\t\t\t \n\t\t\t\t"},{"key":"pricePerUnit","value":"(1.78 €/kg)"},{"key":"productDetailsName","value":"SPAR - Fruchtjogurt Banane Orange - 500 G"},{"key":"detailsDescription","value":"500 G"},{"key":"articleNumber","value":"Artikelnummer: 4971511"},{"key":"Lagerhinweis:","value":["Vor und nach dem Öffnen gekült lagern. Nach dem Öffnen innerhalb weniger Tage verbrauchen."]},{"key":"Zutaten:","value":["Zutaten: JOGURT, Fruchtzubereitung (Zucker, Bananenpüree, Bananen, Glucose-Fructose-Sirup, Orangensaft aus Konzentrat, modifizierte Stärke, Säureregulator: Citronensäure).In Großbuchstaben angegebene Zutaten enthalten allergene Inhaltsstoffe."]},{"key":"Allergene:","value":["Enthält:Milch und daraus gewonnene Erzeugnisse (inkl. Laktose)"]},{"key":"","value":["ohne Aromazusatz"]},{"key":"","value":["Ohne Konservierungsstoffe"]},{"key":"Identitätskennzeichen:","value":["AT 20130 EG"]},{"key":"Ursprungsland/Herkunftsort:","value":["hergestellt in Österreich"]},{"key":"Kontakt:","value":["SPAR Österr. Warenhandels-AG","Europastraße 3, 5015 Salzburg, Österreich"]}],"nutritions":[{"key":" ","value":"100 g"},{"key":"","value":"Unzubereitet"},{"key":"Energie","value":"387 kJ | 92 kcal"},{"key":"Fett","value":"2,5 g"},{"key":"Fett, davon gesättigte Fettsäuren","value":"< 1,7 g"},{"key":"Kohlenhydrate","value":"14 g"},{"key":"Kohlenhydrate, davon Zucker","value":"13 g"},{"key":"Ballaststoffe","value":"0 g"},{"key":"Eiweiß","value":"2,8 g"},{"key":"Salz","value":"0,11 g"},{"key":"Broteinheiten","value":"1,2 BE"}],"tags":[]},
    {"url":"https://www.interspar.at/shop/lebensmittel/p/3573600","data":[{"key":"price","value":"0,55 €"},{"key":"oldPrice","value":"\n\t\t\t\t\t\n\t\t\t\t\t \n\t\t\t\t"},{"key":"pricePerUnit","value":"(2.75 €/kg)"},{"key":"productDetailsName","value":"SPAR Natur*pur - Bio-Naturjogurt 3,6% Fett aus Wiesenmilch - 200 G"},{"key":"detailsDescription","value":"200 G"},{"key":"articleNumber","value":"Artikelnummer: 3573600"},{"key":"Lagerhinweis:","value":["Vor und nach dem Öffnen gekühlt lagern. Nach dem Öffnen innerhalb von 2-4 Tagen aufbrauchen!"]},{"key":"Zutaten:","value":["Zutaten: MILCH*, MILCHEIWEISS*. *aus biologischer Landwirtschaft. In Großbuchstaben angegebene Zutaten enthalten allergene Inhaltsstoffe."]},{"key":"Allergene:","value":["Enthält:Milch und daraus gewonnene Erzeugnisse (inkl. Laktose)"]},{"key":"Bio-Kontrollstelle:","value":["AT-BIO-301"]},{"key":"Ökoherkunft:","value":["Österreich-Landwirtschaft"]},{"key":"Identitätskennzeichen:","value":["AT 20130 EG"]},{"key":"Ursprungsland/Herkunftsort:","value":["Qualität aus Österreich"]},{"key":"Verbrauchen nach dem Öffnen:","value":["2 Tage"]},{"key":"Kontakt:","value":["SPAR Österr. Warenhandels-AG","Europastraße 3, 5015 Salzburg, Österreich"]}],"nutritions":[{"key":"","value":"Unzubereitet"},{"key":" ","value":"100 g"},{"key":"Energie","value":"285 kJ | 68 kcal"},{"key":"Fett","value":"3,6 g"},{"key":"Fett, davon gesättigte Fettsäuren","value":"2,2 g"},{"key":"Kohlenhydrate","value":"4,2 g"},{"key":"Kohlenhydrate, davon Zucker","value":"4,2 g"},{"key":"Ballaststoffe","value":"0 g"},{"key":"Eiweiß","value":"4,2 g"},{"key":"Salz","value":"0,13 g"},{"key":"Broteinheiten","value":"0,4 BE"}],"tags":["Bio"]},
    {"url":"https://www.interspar.at/shop/lebensmittel/p/7390241","data":[{"key":"price","value":"0,29 €"},{"key":"oldPrice","value":"\n\t\t\t\t\t\n\t\t\t\t\t \n\t\t\t\t"},{"key":"pricePerUnit","value":"(1.61 €/kg)"},{"key":"productDetailsName","value":"S-BUDGET - Vanillejogurt - 180 G"},{"key":"detailsDescription","value":"180 G"},{"key":"articleNumber","value":"Artikelnummer: 7390241"},{"key":"Lagerhinweis:","value":["Gekült lagern."]},{"key":"Zutaten:","value":["Zutaten: JOGURT, Zucker, Stärke, Bourbon Vanille-Extrakt, Zitronensaftkonzentrat. In Großbuchstaben angegebene Zutaten enthalten allergene Inhaltsstoffe."]},{"key":"Allergene:","value":["Enthält:Milch und daraus gewonnene Erzeugnisse (inkl. Laktose)"]},{"key":"Identitätskennzeichen:","value":["AT 50151 EG"]},{"key":"Zusatztext:","value":["Hergestellt aus gentechnikfreier Milch mit 3,25% Fett gemäß Codex-Richtlinie zur Definition der gentechnikfreien Produktion, Kontrollstelle: SLK GesmbH."]},{"key":"Ursprungsland/Herkunftsort:","value":["Qualität aus Österreich"]},{"key":"Kontakt:","value":["SPAR Österr. Warenhandels-AG","Europastraße 3, 5015 Salzburg, Österreich"]}],"nutritions":[{"key":"","value":"Unzubereitet"},{"key":" ","value":"100 g"},{"key":"Energie","value":"413 kJ | 98 kcal"},{"key":"Fett","value":"2,7 g"},{"key":"Fett, davon gesättigte Fettsäuren","value":"1,7 g"},{"key":"Kohlenhydrate","value":"15 g"},{"key":"Kohlenhydrate, davon Zucker","value":"14 g"},{"key":"Ballaststoffe","value":"0 g"},{"key":"Eiweiß","value":"3,2 g"},{"key":"Salz","value":"0,14 g"},{"key":"Broteinheiten","value":"1,3 BE"}],"tags":["immer Billig"]},
    {"url":"https://www.interspar.at/shop/lebensmittel/p/7390265","data":[{"key":"price","value":"0,29 €"},{"key":"oldPrice","value":"\n\t\t\t\t\t\n\t\t\t\t\t \n\t\t\t\t"},{"key":"pricePerUnit","value":"(1.61 €/kg)"},{"key":"productDetailsName","value":"S-BUDGET - Fruchtjogurt Erdbeer - 180 G"},{"key":"detailsDescription","value":"180 G"},{"key":"articleNumber","value":"Artikelnummer: 7390265"},{"key":"Lagerhinweis:","value":["Gekühlt lagern."]},{"key":"Zutaten:","value":["Zutaten: JOGURT, 10% Erdbeerfruchtanteil (8,2% Erdbeeren, 1,8% Erdbeerpüree aus Erdbeermarkkonzentrat), Zucker, Stärke, Färbendes Saftkonzentrat (Karotte), Verdickungsmittel: Pektin, natürliches Aroma, Zitronensaftkonzentrat. In Großbuchstaben angegebene Zutaten enthalten allergene Inhaltsstoffe."]},{"key":"Allergene:","value":["Enthält:Milch und daraus gewonnene Erzeugnisse (inkl. Laktose)"]},{"key":"Identitätskennzeichen:","value":["AT 50151 EG"]},{"key":"Zusatztext:","value":["Hergestellt aus gentechnikfreier Milch mit 3,25% Fett gemäß Codex-Richtlinie zur Definition der gentechnikfreien Produktion, Kontrollstelle: SLK GesmbH."]},{"key":"Ursprungsland/Herkunftsort:","value":["Qualität aus Österreich"]},{"key":"Kontakt:","value":["SPAR Österr. Warenhandels-AG","Europastraße 3, 5015 Salzburg, Österreich"]}],"nutritions":[{"key":"","value":"Unzubereitet"},{"key":" ","value":"100 g"},{"key":"Energie","value":"395 kJ | 94 kcal"},{"key":"Fett","value":"2,6 g"},{"key":"Fett, davon gesättigte Fettsäuren","value":"1,6 g"},{"key":"Kohlenhydrate","value":"14 g"},{"key":"Kohlenhydrate, davon Zucker","value":"13 g"},{"key":"Ballaststoffe","value":"0,2 g"},{"key":"Eiweiß","value":"3,1 g"},{"key":"Salz","value":"0,12 g"},{"key":"Broteinheiten","value":"1,2 BE"}],"tags":["immer Billig"]},
    {"url":"https://www.interspar.at/shop/lebensmittel/p/7390289","data":[{"key":"price","value":"0,29 €"},{"key":"oldPrice","value":"\n\t\t\t\t\t\n\t\t\t\t\t \n\t\t\t\t"},{"key":"pricePerUnit","value":"(1.61 €/kg)"},{"key":"productDetailsName","value":"S-BUDGET - Fruchtjogurt Heidelbeer - 180 G"},{"key":"detailsDescription","value":"180 G"},{"key":"articleNumber","value":"Artikelnummer: 7390289"},{"key":"Lagerhinweis:","value":["Gekühlt lagern."]},{"key":"Zutaten:","value":["Zutaten: JOGURT, 10% Heidelbeerfruchtanteil (7,5% Heidelbeeren, 2,5% Heidelbeersaft aus Heidelbeersaftkonzentrat), Zucker, Stärke, Verdickungsmittel: Pektin, natürliches Aroma. In Großbuchstaben angegebene Zutaten enthalten allergene Inhaltsstoffe."]},{"key":"Allergene:","value":["Enthält:Milch und daraus gewonnene Erzeugnisse (inkl. Laktose)"]},{"key":"Identitätskennzeichen:","value":["AT 50151 EG"]},{"key":"Zusatztext:","value":["Hergestellt aus gentechnikfreier Milch mit 3,2% Fett gemäß Codex-Richtlinie zur Definition der gentechnikfreien Produktion, Kontrollstelle: SLK GesmbH."]},{"key":"Ursprungsland/Herkunftsort:","value":["Qualität aus Österreich"]},{"key":"Kontakt:","value":["SPAR Österr. Warenhandels-AG","Europastraße 3, 5015 Salzburg, Österreich"]}],"nutritions":[{"key":"","value":"Unzubereitet"},{"key":" ","value":"100 g"},{"key":"Energie","value":"391 kJ | 93 kcal"},{"key":"Fett","value":"2,6 g"},{"key":"Fett, davon gesättigte Fettsäuren","value":"1,6 g"},{"key":"Kohlenhydrate","value":"14 g"},{"key":"Kohlenhydrate, davon Zucker","value":"13 g"},{"key":"Ballaststoffe","value":"0,5 g"},{"key":"Eiweiß","value":"3,1 g"},{"key":"Salz","value":"0,11 g"},{"key":"Broteinheiten","value":"1,2 BE"}],"tags":["immer Billig"]},
    {"url":"https://www.interspar.at/shop/lebensmittel/p/7390302","data":[{"key":"price","value":"0,29 €"},{"key":"oldPrice","value":"\n\t\t\t\t\t\n\t\t\t\t\t \n\t\t\t\t"},{"key":"pricePerUnit","value":"(1.61 €/kg)"},{"key":"productDetailsName","value":"S-BUDGET - Fruchtjogurt Kirsche - 180 G"},{"key":"detailsDescription","value":"180 G"},{"key":"articleNumber","value":"Artikelnummer: 7390302"},{"key":"Lagerhinweis:","value":["Gekühlt lagern."]},{"key":"Zutaten:","value":["Zutaten: JOGURT, 10% Kirschfruchtanteil (8,1% Kirschen, 1,9% Kirschsaft aus Kirschensaftkonzentrat), Zucker, Stärke, färbendes Saftkonzentrat (Rote Bete), Verdickungsmittel: Pektin, natürliches Aroma, Zitronensaftkonzentrat. In Großbuchstaben angegebene Zutaten enthalten allergene Inhaltsstoffe."]},{"key":"Allergene:","value":["Enthält:Milch und daraus gewonnene Erzeugnisse (inkl. Laktose)"]},{"key":"Identitätskennzeichen:","value":["AT 50151 EG"]},{"key":"Zusatztext:","value":["Hergestellt aus gentechnikfreier Milch mit 3,2% Fett gemäß Codex-Richtlinie zur Definition der gentechnikfreien Produktion, Kontrollstelle: SLK GesmbH."]},{"key":"Ursprungsland/Herkunftsort:","value":["Qualität aus Österreich"]},{"key":"Kontakt:","value":["SPAR Österr. Warenhandels-AG","Europastraße 3, 5015 Salzburg, Österreich"]}],"nutritions":[{"key":"","value":"Unzubereitet"},{"key":" ","value":"100 g"},{"key":"Energie","value":"388 kJ | 92 kcal"},{"key":"Fett","value":"2,6 g"},{"key":"Fett, davon gesättigte Fettsäuren","value":"1,6 g"},{"key":"Kohlenhydrate","value":"13 g"},{"key":"Kohlenhydrate, davon Zucker","value":"13 g"},{"key":"Ballaststoffe","value":"0,1 g"},{"key":"Eiweiß","value":"3,1 g"},{"key":"Salz","value":"0,12 g"},{"key":"Broteinheiten","value":"1,1 BE"}],"tags":["immer Billig"]},
    {"url":"https://www.interspar.at/shop/lebensmittel/p/1754339","data":[{"key":"price","value":"0,99 €"},{"key":"oldPrice","value":"\n\t\t\t\t\t\n\t\t\t\t\t \n\t\t\t\t"},{"key":"pricePerUnit","value":"(2.48 €/kg)"},{"key":"productDetailsName","value":"Schärdinger - Beeren Traum Selektion - 400 G"},{"key":"detailsDescription","value":"400 G"},{"key":"articleNumber","value":"Artikelnummer: 1754339"},{"key":"Lagerhinweis:","value":["Vor und nach dem Öffnen gekühlt lagern. Nach dem Öffnen innerhalb von wenigen Tagen verbrauchen."]},{"key":"Zutaten:","value":["Zutaten: JOGHURT, Zucker, 3,9 % Erdbeeren, 2,5 % Brombeeren, 2 % Himbeeren, Glucose-Fructose-Sirup, 1,7 % Himbeersaft aus Himbeersaftkonzentrat, 0,9 % rote Johannisbeeren, modifizierte Maisstärke, Stabilisator: Pektin, Aroma, Säureregulatoren: Natriumcitrate, Calciumcitrate, Rote Bete Saftkonzentrat. In Großbuchstaben angegebene Zutaten enthalten allergene Inhaltsstoffe."]},{"key":"Allergene:","value":["Enthält:Milch und daraus gewonnene Erzeugnisse (inkl. Laktose)"]},{"key":"Identitätskennzeichen:","value":["AT 30751 EG"]},{"key":"Ursprungsland/Herkunftsort:","value":["Österreich"]},{"key":"Kontakt:","value":["Berglandmilch eGen","Schubertstraße 30, 4600 Wels, Österreich"]}],"nutritions":[{"key":"","value":"Unzubereitet"},{"key":" ","value":"100 g"},{"key":"Energie","value":"449 kJ | 107 kcal"},{"key":"Fett","value":"3,1 g"},{"key":"Fett, davon gesättigte Fettsäuren","value":"2 g"},{"key":"Kohlenhydrate","value":"16 g"},{"key":"Kohlenhydrate, davon Zucker","value":"15 g"},{"key":"Eiweiß","value":"3,2 g"},{"key":"Salz","value":"0,13 g"}],"tags":[]},
    {"url":"https://www.interspar.at/shop/lebensmittel/p/2020001163083","data":[{"key":"price","value":"0,49 €"},{"key":"oldPrice","value":"\n\t\t\t\t\t\n\t\t\t\t\t \n\t\t\t\t"},{"key":"pricePerUnit","value":"(3.27 €/kg)"},{"key":"productDetailsName","value":"SPAR free from - Fruchtjogurt Heidelbeer - 150 G"},{"key":"detailsDescription","value":"150 G"},{"key":"articleNumber","value":"Artikelnummer: 2020001163083"},{"key":"Lagerhinweis:","value":["Vor und nach dem Öffnen gekühlt lagern. Nach dem Öffnen innerhalb von 3 Tagen verbrauchen."]},{"key":"Zutaten:","value":["Zutaten: JOGURT, Fruchtzubereitung (Saccharose, Heidelbeeren, Heidelbeerpüree, Glucose-Fructose-Sirup, modifizierte Stärke, Stabilisator: Pektine, Karottenkonzentrat, Aroma). In Großbuchstaben angegebene Zutaten enthalten allergene Inhaltsstoffe."]},{"key":"Allergene:","value":["Enthält:Milch und daraus gewonnene Erzeugnisse (inkl. Laktose)"]},{"key":"","value":["Laktosefrei"]},{"key":"Identitätskennzeichen:","value":["AT 20130 EG"]},{"key":"Ursprungsland/Herkunftsort:","value":["Qualität aus Österreich"]},{"key":"Verbrauchen nach dem Öffnen:","value":["3 Tage"]},{"key":"Kontakt:","value":["SPAR Österr. Warenhandels-AG","Europastraße 3, 5015 Salzburg, Österreich","office@spar.at"]}],"nutritions":[{"key":"","value":"Unzubereitet"},{"key":" ","value":"100 g"},{"key":"Energie","value":"377 kJ | 90 kcal"},{"key":"Fett","value":"3 g"},{"key":"Fett, davon gesättigte Fettsäuren","value":"2 g"},{"key":"Kohlenhydrate","value":"12 g"},{"key":"Kohlenhydrate, davon Zucker","value":"12 g"},{"key":"Ballaststoffe","value":"0,4 g"},{"key":"Eiweiß","value":"2,9 g"},{"key":"Salz","value":"0,11 g"},{"key":"Broteinheiten","value":"1 BE"},{"key":"Laktose","value":"< "}],"tags":["Lactosefrei"]},
    {"url":"https://www.interspar.at/shop/lebensmittel/p/2907956","data":[{"key":"price","value":"2,29 €"},{"key":"oldPrice","value":"\n\t\t\t\t\t\n\t\t\t\t\t \n\t\t\t\t"},{"key":"pricePerUnit","value":"(3.05 €/kg)"},{"key":"productDetailsName","value":"Bergbauer - Waldbeer Joghurt - 750 G"},{"key":"detailsDescription","value":"750 G"},{"key":"articleNumber","value":"Artikelnummer: 2907956"},{"key":"Lagerhinweis:","value":["gekühlt lagern."]},{"key":"Zutaten:","value":["Zutaten: JOGHURT, Zucker, Erdbeeren, Brombeeren, Heidelbeeren, Holunder, schwarze Johannisbeeren, Gesamtbeerenanteil 7,2%, Glucose-Fructose-Sirup; Stabilisatoren: modifizierte Stärke, Pektin, Aromen, Säureregulator: Natriumcitrat; In Großbuchstaben angegebene Zutaten enthalten allergene Inhaltstoffe."]},{"key":"Allergene:","value":["Enthält:Milch und daraus gewonnene Erzeugnisse (inkl. Laktose)"]},{"key":"Identitätskennzeichen:","value":["AT 80125 EG"]},{"key":"Kontakt:","value":["BergBauer","Rupert-Hagleitner-Str. 5-7, 6300 Wörgl/Tirol, Österreich"]}],"nutritions":[{"key":"","value":"Unzubereitet"},{"key":" ","value":"100 g"},{"key":"Energie","value":"365 kJ | 87 kcal"},{"key":"Fett","value":"2,7 g"},{"key":"Fett, davon gesättigte Fettsäuren","value":"1,6 g"},{"key":"Kohlenhydrate","value":"12,2 g"},{"key":"Kohlenhydrate, davon Zucker","value":"11,9 g"},{"key":"Eiweiß","value":"3,5 g"},{"key":"Salz","value":"0,15 g"}],"tags":[]},
    {"url":"https://www.interspar.at/shop/lebensmittel/p/2970493","data":[{"key":"price","value":"2,29 €"},{"key":"oldPrice","value":"\n\t\t\t\t\t\n\t\t\t\t\t \n\t\t\t\t"},{"key":"pricePerUnit","value":"(3.05 €/kg)"},{"key":"productDetailsName","value":"Bergbauer - Vanille Joghurt Multiphilus - 750 G"},{"key":"detailsDescription","value":"750 G"},{"key":"articleNumber","value":"Artikelnummer: 2970493"},{"key":"Lagerhinweis:","value":["Gekühlt lagern."]},{"key":"Zutaten:","value":["Zutaten: 82% JOGHURT, Zucker, Glucose-Fructose-Sirup, 4% Wasser, Traubenzucker, 0,3% Vanilleextrakt, Stabilisatoren: Pektin, Johannisbrotkernmehl, Farbstoff: Beta-Carotin, Säuerungsmittel: Citronensäure, natürliches Aroma. In Großbuchstaben angegebene Zutaten enthalten allergene Inhaltsstoffe."]},{"key":"Allergene:","value":["Enthält:Milch und daraus gewonnene Erzeugnisse (inkl. Laktose)"]},{"key":"Identitätskennzeichen:","value":["AT 80125 EG"]},{"key":"Zusatztext:","value":["Lactobacillus casei 1 x 10^7 KBE/mlLactobacillus bulgaricus 1 x 10^7 KBE/mlBifidobacillus bifidus 9 x 10^6 KBE/mlLactobacillus acidophilus 1 x 10^6 KBE/mlStreptococcus thermophilus 7 x 10^7 KBE/ml"]},{"key":"Kontakt:","value":["Berg Bauer","6300 Wörgl, Österreich"]}],"nutritions":[{"key":"","value":"Unzubereitet"},{"key":" ","value":"100 g"},{"key":"Energie","value":"375 kJ | 89 kcal"},{"key":"Fett","value":"2,6 g"},{"key":"Fett, davon gesättigte Fettsäuren","value":"1,6 g"},{"key":"Kohlenhydrate","value":"13,1 g"},{"key":"Kohlenhydrate, davon Zucker","value":"12,6 g"},{"key":"Eiweiß","value":"3,4 g"},{"key":"Salz","value":"0,11 g"}],"tags":[]},
    {"url":"https://www.interspar.at/shop/lebensmittel/p/3109069","data":[{"key":"price","value":"2,29 €"},{"key":"oldPrice","value":"\n\t\t\t\t\t\n\t\t\t\t\t \n\t\t\t\t"},{"key":"pricePerUnit","value":"(3.05 €/kg)"},{"key":"productDetailsName","value":"Bergbauer - Kaffee Joghurt - 750 G"},{"key":"detailsDescription","value":"750 G"},{"key":"articleNumber","value":"Artikelnummer: 3109069"},{"key":"Lagerhinweis:","value":["Gekühlt lagern."]},{"key":"Zutaten:","value":["Zutaten: JOGHURT, Wasser, Zucker, Glucose-Fructose-Sirup, Karamelzuckersiruo, 0,35% Kaffeeextrakt, modifizierte Stärke, Kakaopulver, Aroma, Säuerungsmittel: Citronensäure. In Großbuchstaben angegebene Zutaten enthalten allergene Inhaltsstoffe."]},{"key":"Allergene:","value":["Enthält:Milch und daraus gewonnene Erzeugnisse (inkl. Laktose)"]},{"key":"Identitätskennzeichen:","value":["AT 80125 EG"]},{"key":"Kontakt:","value":["Berg Bauer","6300 Wörgl, Österreich"]}],"nutritions":[{"key":"","value":"Unzubereitet"},{"key":" ","value":"100 g"},{"key":"Energie","value":"417 kJ | 99 kcal"},{"key":"Fett","value":"2,7 g"},{"key":"Fett, davon gesättigte Fettsäuren","value":"1,6 g"},{"key":"Kohlenhydrate","value":"15,1 g"},{"key":"Kohlenhydrate, davon Zucker","value":"14,8 g"},{"key":"Eiweiß","value":"3,5 g"},{"key":"Salz","value":"0,12 g"}],"tags":[]},
    {"url":"https://www.interspar.at/shop/lebensmittel/p/3598146","data":[{"key":"price","value":"0,99 €"},{"key":"oldPrice","value":"\n\t\t\t\t\t\n\t\t\t\t\t \n\t\t\t\t"},{"key":"pricePerUnit","value":"(2.48 €/kg)"},{"key":"productDetailsName","value":"Schärdinger - Erdbeer Traum mit Rhabarber - 400 G"},{"key":"detailsDescription","value":"400 G"},{"key":"articleNumber","value":"Artikelnummer: 3598146"},{"key":"Lagerhinweis:","value":["Vor und nach dem Öffnen gekühlt lagern. Nach dem Öffnen innerhalb von wenigen Tagen verbrauchen."]},{"key":"Zutaten:","value":["Zutaten: JOGHURT, Zucker, Erdbeeren 8,6%, 0,9% Erdbeersaft aus Erdbeersaftkonzentrat, Glucose-Fructose-Sirup, modifizierte Stärke, Stabilisator: Pektin, schwarzes Karottensaftkonzentrat, Aroma, Säureregulatoren: Natriumcitrat, Calciumcitrat, Citronensäure; Aroma. In Großbuchstaben angegebene Zutaten enthalten allergene Inhaltsstoffe."]},{"key":"Allergene:","value":["Enthält:Milch und daraus gewonnene Erzeugnisse (inkl. Laktose)"]},{"key":"Identitätskennzeichen:","value":["AT 30751 EG"]},{"key":"Ursprungsland/Herkunftsort:","value":["Österreich"]},{"key":"Kontakt:","value":["Berglandmilch eGen","Schubertstraße 30, 4600 Wels, Österreich"]}],"nutritions":[{"key":"","value":"Unzubereitet"},{"key":" ","value":"100 g"},{"key":"Energie","value":"416 kJ | 99 kcal"},{"key":"Fett","value":"3,2 g"},{"key":"Fett, davon gesättigte Fettsäuren","value":"2,1 g"},{"key":"Kohlenhydrate","value":"14 g"},{"key":"Kohlenhydrate, davon Zucker","value":"13 g"},{"key":"Eiweiß","value":"3,4 g"},{"key":"Salz","value":"0,12 g"}],"tags":[]},
    {"url":"https://www.interspar.at/shop/lebensmittel/p/3598153","data":[{"key":"price","value":"0,99 €"},{"key":"oldPrice","value":"\n\t\t\t\t\t\n\t\t\t\t\t \n\t\t\t\t"},{"key":"pricePerUnit","value":"(2.48 €/kg)"},{"key":"productDetailsName","value":"Schärdinger - Vanille Traum - 400 G"},{"key":"detailsDescription","value":"400 G"},{"key":"articleNumber","value":"Artikelnummer: 3598153"},{"key":"Lagerhinweis:","value":["Vor und nach dem Öffnen gekühlt lagern. Nach dem Öffnen innerhalb von wenigen Tagen verbrauchen."]},{"key":"Zutaten:","value":["Zutaten: JOGHURT, Zucker, Glucose-Fructose-Sirup, modifizierte Stärke, Bourbonvanilleschotenextrakt, Säuerungsmittel: Natriumcitrate. In Großbuchstaben angegebene Zutaten enthalten allergene Inhaltsstoffe."]},{"key":"Allergene:","value":["Enthält:Milch und daraus gewonnene Erzeugnisse (inkl. Laktose)"]},{"key":"Identitätskennzeichen:","value":["AT 30751 EG"]},{"key":"Ursprungsland/Herkunftsort:","value":["Österreich"]},{"key":"Kontakt:","value":["Berglandmilch eGen","Schubertstraße 30, 4600 Wels, Österreich"]}],"nutritions":[{"key":"","value":"Unzubereitet"},{"key":" ","value":"100 g"},{"key":"Energie","value":"452 kJ | 107 kcal"},{"key":"Fett","value":"3,2 g"},{"key":"Fett, davon gesättigte Fettsäuren","value":"2,1 g"},{"key":"Kohlenhydrate","value":"17 g"},{"key":"Kohlenhydrate, davon Zucker","value":"15 g"},{"key":"Eiweiß","value":"3,1 g"},{"key":"Salz","value":"0,1 g"}],"tags":[]},
    {"url":"https://www.interspar.at/shop/lebensmittel/p/3598160","data":[{"key":"price","value":"0,99 €"},{"key":"oldPrice","value":"\n\t\t\t\t\t\n\t\t\t\t\t \n\t\t\t\t"},{"key":"pricePerUnit","value":"(2.48 €/kg)"},{"key":"productDetailsName","value":"Schärdinger - Marillen Traum mit Pfirsich - 400 G"},{"key":"detailsDescription","value":"400 G"},{"key":"articleNumber","value":"Artikelnummer: 3598160"},{"key":"Lagerhinweis:","value":["Vor und nach dem Öffnen gekühlt lagern. Nach dem Öffnen innerhalb von wenigen Tagen verbrauchen."]},{"key":"Zutaten:","value":["Zutaten: JOGHURT, Zucker, Pfirsich 5%, Marillensaft aus Marillensaftkonzentrat, Glucose-Fructose-Sirup, Marille 5%, modifizierte Stärke, Stabilisator: Pektin, Aroma, Säuerungsmittel: Natriumcitrate, Farbstoff: Beta-Carotin. In Großbuchstaben angegebene Zutaten enthalten allergene Inhaltsstoffe."]},{"key":"Allergene:","value":["Enthält:Milch und daraus gewonnene Erzeugnisse (inkl. Laktose)"]},{"key":"Identitätskennzeichen:","value":["AT 30751 EG"]},{"key":"Ursprungsland/Herkunftsort:","value":["Österreich"]},{"key":"Kontakt:","value":["Berglandmilch eGen","Schubertstraße 30, 4600 Wels, Österreich"]}],"nutritions":[{"key":"","value":"Unzubereitet"},{"key":" ","value":"100 g"},{"key":"Energie","value":"448 kJ | 106 kcal"},{"key":"Fett","value":"3,1 g"},{"key":"Fett, davon gesättigte Fettsäuren","value":"2,1 g"},{"key":"Kohlenhydrate","value":"16 g"},{"key":"Kohlenhydrate, davon Zucker","value":"16 g"},{"key":"Eiweiß","value":"3,3 g"},{"key":"Salz","value":"0,1 g"}],"tags":[]},
    {"url":"https://www.interspar.at/shop/lebensmittel/p/4273394","data":[{"key":"price","value":"1,09 €"},{"key":"oldPrice","value":"\n\t\t\t\t\t\n\t\t\t\t\t \n\t\t\t\t"},{"key":"pricePerUnit","value":"(6.06 €/kg)"},{"key":"productDetailsName","value":"Toni's - Ziegenmilchjoghurt Heidelbeere - 180 G"},{"key":"detailsDescription","value":"180 G"},{"key":"articleNumber","value":"Artikelnummer: 4273394"},{"key":"Lagerhinweis:","value":["Gekühlt lagern bei 2 - 8°C."]},{"key":"Zutaten:","value":["Zutaten: ZIEGENMILCH*, pasteurisiert mit Acidophilus- und Bifidobakterien gereift, Heidelbeeren* (10%), Rübenzucker*, Stabilisator: Pektin. (*aus kontrolliert biologischer Landwirtschaft). In Großbuchstaben angegebene Zutaten enthalten allergene Inhaltstoffe."]},{"key":"Allergene:","value":["Enthält:Milch und daraus gewonnene Erzeugnisse (inkl. Laktose)"]},{"key":"Zubereitung:","value":["Verzehrfertig"]},{"key":"Bio-Kontrollstelle:","value":["AT-Bio-301"]},{"key":"Identitätskennzeichen:","value":["AT 41906EG"]},{"key":"Kontakt:","value":["Toni´s Handels GmbH","Glein 14, 8720 Knittelfeld, Österreich"]}],"nutritions":[{"key":"","value":"Unzubereitet"},{"key":" ","value":"100 g"},{"key":"Energie","value":"402 kJ | 97 kcal"},{"key":"Fett","value":"4,2 g"},{"key":"Fett, davon gesättigte Fettsäuren","value":"2,7 g"},{"key":"Kohlenhydrate","value":"11 g"},{"key":"Kohlenhydrate, davon Zucker","value":"10 g"},{"key":"Eiweiß","value":"3,9 g"},{"key":"Salz","value":"0,06 g"}],"tags":[]},
    {"url":"https://www.interspar.at/shop/lebensmittel/p/4273967","data":[{"key":"price","value":"1,09 €"},{"key":"oldPrice","value":"\n\t\t\t\t\t\n\t\t\t\t\t \n\t\t\t\t"},{"key":"pricePerUnit","value":"(6.06 €/kg)"},{"key":"productDetailsName","value":"Toni's - Ziegenmilchjoghurt Marille - 180 G"},{"key":"detailsDescription","value":"180 G"},{"key":"articleNumber","value":"Artikelnummer: 4273967"},{"key":"Lagerhinweis:","value":["Gekühlt lagern bei 2 - 8°C."]},{"key":"Zutaten:","value":["Zutaten: ZIEGENMILCH*, pasteurisiert mit Acidophilus- und Bifidobakterien gereift, Rübenzucker*, Marillen* (7,3%), Marillenpüree* (2,4%), Stabilisator: Pektin, Säureregulator: Zitronensaftkonzentrat*. (*aus kontrolliert biologischer Landwirtschaft). In Großbuchstaben angegebene Zutaten enthalten allergene Inhaltstoffe."]},{"key":"Allergene:","value":["Enthält:Milch und daraus gewonnene Erzeugnisse (inkl. Laktose)"]},{"key":"Zubereitung:","value":["VerzehrfertigVerzehrfertig"]},{"key":"Bio-Kontrollstelle:","value":["AT-Bio-301"]},{"key":"Identitätskennzeichen:","value":["AT 41906EG"]},{"key":"Kontakt:","value":["Toni´s Handels GmbH","Glein 14, 8720 Knittelfeld, Österreich"]}],"nutritions":[{"key":"","value":"Unzubereitet"},{"key":" ","value":"100 g"},{"key":"Energie","value":"412 kJ | 99 kcal"},{"key":"Fett","value":"4,1 g"},{"key":"Fett, davon gesättigte Fettsäuren","value":"2,7 g"},{"key":"Kohlenhydrate","value":"11 g"},{"key":"Kohlenhydrate, davon Zucker","value":"11 g"},{"key":"Eiweiß","value":"3,9 g"},{"key":"Salz","value":"0,07 g"}],"tags":[]},
    {"url":"https://www.interspar.at/shop/lebensmittel/p/5446988","data":[{"key":"price","value":"0,49 €"},{"key":"oldPrice","value":"\n\t\t\t\t\t\n\t\t\t\t\t \n\t\t\t\t"},{"key":"pricePerUnit","value":"(3.27 €/kg)"},{"key":"productDetailsName","value":"SPAR free from - Fruchtjogurt Sauerkirsche - 150 G"},{"key":"detailsDescription","value":"150 G"},{"key":"articleNumber","value":"Artikelnummer: 5446988"},{"key":"Lagerhinweis:","value":["Vor und nach dem Öffnen gekühlt lagern. Nach dem Öffnen innerhalb von 3 Tagen verbrauchen."]},{"key":"Zutaten:","value":["Zutaten: JOGURT, Fruchtzubereitung (Sauerkirschen, Zucker, Glukose-Fruktose-Sirup, Sauerkirschensaft aus Sauerkirschensaftkonzentrat, modifizierte Stärke, Stabilisator: Pektin, Aroma, Karottensaftkonzentrat, natürliches Kirscharoma). In Großbuchstaben angegebene Zutaten enthalten allergene Inhaltsstoffe."]},{"key":"Allergene:","value":["Enthält:Milch und daraus gewonnene Erzeugnisse (inkl. Laktose)"]},{"key":"","value":["Laktosefrei"]},{"key":"Identitätskennzeichen:","value":["AT 20130 EG"]},{"key":"Ursprungsland/Herkunftsort:","value":["Qualität aus Österreich"]},{"key":"Verbrauchen nach dem Öffnen:","value":["3 Tage"]},{"key":"Kontakt:","value":["SPAR Österr. Warenhandels-AG","Europastraße 3, 5015 Salzburg, Österreich"]}],"nutritions":[{"key":"","value":"Unzubereitet"},{"key":" ","value":"100 g"},{"key":"Energie","value":"362 kJ | 86 kcal"},{"key":"Fett","value":"2,9 g"},{"key":"Fett, davon gesättigte Fettsäuren","value":"2 g"},{"key":"Kohlenhydrate","value":"12 g"},{"key":"Kohlenhydrate, davon Zucker","value":"11 g"},{"key":"Ballaststoffe","value":"0,2 g"},{"key":"Eiweiß","value":"2,9 g"},{"key":"Salz","value":"0,11 g"},{"key":"Broteinheiten","value":"1 BE"},{"key":"Laktose","value":"< 0,01 g"}],"tags":["Lactosefrei"]},
    {"url":"https://www.interspar.at/shop/lebensmittel/p/6610029","data":[{"key":"price","value":"2,69 €"},{"key":"oldPrice","value":"\n\t\t\t\t\t\n\t\t\t\t\t \n\t\t\t\t"},{"key":"pricePerUnit","value":"(2.69 €/kg)"},{"key":"productDetailsName","value":"SalzburgMilch Premium - Jogurt Bircher Müsli - 1 KG"},{"key":"detailsDescription","value":"1 KG"},{"key":"articleNumber","value":"Artikelnummer: 6610029"},{"key":"Lagerhinweis:","value":["Nach dem Öffnen gekühlt lagern und innerhalb von 2 Tagen verbrauchen."]},{"key":"Zutaten:","value":["Zutaten: JOGURT, Zucker, 6,5 % Früchte (Pfirsich, Orange, Apfel, Rosinen, HASELNÜSSE, Bananenpüree), 1,3% WEIZENFLOCKEN, 1,3% ROGGENFLOCKEN, 0,9% Apfelsaft aus Konzentrat, natürliches Aroma, Verdickungsmittel: Guarkernmehl, Pektin; Zitronensaftkonzentrat. In Großbuchstaben angegebene Zutaten enthalten allergene Inhaltsstoffe."]},{"key":"Allergene:","value":["Enthält:Glutenhaltiges Getreide und daraus hergestellte Erzeugnisse, Milch und daraus gewonnene Erzeugnisse (inkl. Laktose), Schalenfrüchte und daraus gewonnene Erzeugnisse"]},{"key":"Verbrauchen nach dem Öffnen:","value":["2 Tage","2 Tage"]},{"key":"Kontakt:","value":["SalzburgMilch GmbH","Milchstraße 1, 5020 Salzburg, Österreich","0662/2455","0662/2455-105"]}],"nutritions":[{"key":" ","value":"100 g"},{"key":"","value":"Unzubereitet"},{"key":"Energie","value":"408 kJ | 97 kcal"},{"key":"Fett","value":"2,7 g"},{"key":"Fett, davon gesättigte Fettsäuren","value":"1,4 g"},{"key":"Kohlenhydrate","value":"14 g"},{"key":"Kohlenhydrate, davon Zucker","value":"13 g"},{"key":"Eiweiß","value":"3,1 g"},{"key":"Salz","value":"0,1 g"}],"tags":[]},
    {"url":"https://www.interspar.at/shop/lebensmittel/p/7252211","data":[{"key":"price","value":"1,09 €"},{"key":"oldPrice","value":"\n\t\t\t\t\t\n\t\t\t\t\t \n\t\t\t\t"},{"key":"pricePerUnit","value":"(6.06 €/kg)"},{"key":"productDetailsName","value":"Toni's - Schafmilchjoghurt Vanille - 180 G"},{"key":"detailsDescription","value":"180 G"},{"key":"articleNumber","value":"Artikelnummer: 7252211"},{"key":"Lagerhinweis:","value":["Gekühlt lagern bei 2-8°C."]},{"key":"Zutaten:","value":["Zutaten: SCHAFMILCH*, pasteurisiert mit Acidophilus- und Bifidobakterien gereift, Rübenzucker*, natürliches Bourbonvanilleschotenextrakt*, Stabilisator: Pektin, Bourbon Vanilleschoten gemahlen*, Säureregulator: Zitronensaftkonzentrat*. *aus kontrolliert biologischer Landwirtschaft. In Großbuchstaben angegebene Zutaten enthalten allergene Inhaltstoffe."]},{"key":"Allergene:","value":["Enthält:Milch und daraus gewonnene Erzeugnisse (inkl. Laktose)"]},{"key":"Bio-Kontrollstelle:","value":["AT-Bio-301"]},{"key":"Identitätskennzeichen:","value":["AT 41906EG"]},{"key":"Kontakt:","value":["Toni´s Handels GmbH","Glein 14, 8720 Knittelfeld, Österreich"]}],"nutritions":[{"key":"","value":"Unzubereitet"},{"key":" ","value":"100 g"},{"key":"Energie","value":"443 kJ | 107 kcal"},{"key":"Fett","value":"4,3 g"},{"key":"Fett, davon gesättigte Fettsäuren","value":"3,1 g"},{"key":"Kohlenhydrate","value":"13 g"},{"key":"Kohlenhydrate, davon Zucker","value":"12 g"},{"key":"Eiweiß","value":"3,9 g"},{"key":"Salz","value":"0,03 g"}],"tags":["Bio"]},
    {"url":"https://www.interspar.at/shop/lebensmittel/p/2020001163083","data":[{"key":"price","value":"0,49 €"},{"key":"oldPrice","value":"\n\t\t\t\t\t\n\t\t\t\t\t \n\t\t\t\t"},{"key":"pricePerUnit","value":"(3.27 €/kg)"},{"key":"productDetailsName","value":"SPAR free from - Fruchtjogurt Heidelbeer - 150 G"},{"key":"detailsDescription","value":"150 G"},{"key":"articleNumber","value":"Artikelnummer: 2020001163083"},{"key":"Lagerhinweis:","value":["Vor und nach dem Öffnen gekühlt lagern. Nach dem Öffnen innerhalb von 3 Tagen verbrauchen."]},{"key":"Zutaten:","value":["Zutaten: JOGURT, Fruchtzubereitung (Saccharose, Heidelbeeren, Heidelbeerpüree, Glucose-Fructose-Sirup, modifizierte Stärke, Stabilisator: Pektine, Karottenkonzentrat, Aroma). In Großbuchstaben angegebene Zutaten enthalten allergene Inhaltsstoffe."]},{"key":"Allergene:","value":["Enthält:Milch und daraus gewonnene Erzeugnisse (inkl. Laktose)"]},{"key":"","value":["Laktosefrei"]},{"key":"Identitätskennzeichen:","value":["AT 20130 EG"]},{"key":"Ursprungsland/Herkunftsort:","value":["Qualität aus Österreich"]},{"key":"Verbrauchen nach dem Öffnen:","value":["3 Tage"]},{"key":"Kontakt:","value":["SPAR Österr. Warenhandels-AG","Europastraße 3, 5015 Salzburg, Österreich","office@spar.at"]}],"nutritions":[{"key":"","value":"Unzubereitet"},{"key":" ","value":"100 g"},{"key":"Energie","value":"377 kJ | 90 kcal"},{"key":"Fett","value":"3 g"},{"key":"Fett, davon gesättigte Fettsäuren","value":"2 g"},{"key":"Kohlenhydrate","value":"12 g"},{"key":"Kohlenhydrate, davon Zucker","value":"12 g"},{"key":"Ballaststoffe","value":"0,4 g"},{"key":"Eiweiß","value":"2,9 g"},{"key":"Salz","value":"0,11 g"},{"key":"Broteinheiten","value":"1 BE"},{"key":"Laktose","value":"< "}],"tags":["Lactosefrei"]},
    {"url":"https://www.interspar.at/shop/lebensmittel/p/2907956","data":[{"key":"price","value":"2,29 €"},{"key":"oldPrice","value":"\n\t\t\t\t\t\n\t\t\t\t\t \n\t\t\t\t"},{"key":"pricePerUnit","value":"(3.05 €/kg)"},{"key":"productDetailsName","value":"Bergbauer - Waldbeer Joghurt - 750 G"},{"key":"detailsDescription","value":"750 G"},{"key":"articleNumber","value":"Artikelnummer: 2907956"},{"key":"Lagerhinweis:","value":["gekühlt lagern."]},{"key":"Zutaten:","value":["Zutaten: JOGHURT, Zucker, Erdbeeren, Brombeeren, Heidelbeeren, Holunder, schwarze Johannisbeeren, Gesamtbeerenanteil 7,2%, Glucose-Fructose-Sirup; Stabilisatoren: modifizierte Stärke, Pektin, Aromen, Säureregulator: Natriumcitrat; In Großbuchstaben angegebene Zutaten enthalten allergene Inhaltstoffe."]},{"key":"Allergene:","value":["Enthält:Milch und daraus gewonnene Erzeugnisse (inkl. Laktose)"]},{"key":"Identitätskennzeichen:","value":["AT 80125 EG"]},{"key":"Kontakt:","value":["BergBauer","Rupert-Hagleitner-Str. 5-7, 6300 Wörgl/Tirol, Österreich"]}],"nutritions":[{"key":"","value":"Unzubereitet"},{"key":" ","value":"100 g"},{"key":"Energie","value":"365 kJ | 87 kcal"},{"key":"Fett","value":"2,7 g"},{"key":"Fett, davon gesättigte Fettsäuren","value":"1,6 g"},{"key":"Kohlenhydrate","value":"12,2 g"},{"key":"Kohlenhydrate, davon Zucker","value":"11,9 g"},{"key":"Eiweiß","value":"3,5 g"},{"key":"Salz","value":"0,15 g"}],"tags":[]},
    {"url":"https://www.interspar.at/shop/lebensmittel/p/2970493","data":[{"key":"price","value":"2,29 €"},{"key":"oldPrice","value":"\n\t\t\t\t\t\n\t\t\t\t\t \n\t\t\t\t"},{"key":"pricePerUnit","value":"(3.05 €/kg)"},{"key":"productDetailsName","value":"Bergbauer - Vanille Joghurt Multiphilus - 750 G"},{"key":"detailsDescription","value":"750 G"},{"key":"articleNumber","value":"Artikelnummer: 2970493"},{"key":"Lagerhinweis:","value":["Gekühlt lagern."]},{"key":"Zutaten:","value":["Zutaten: 82% JOGHURT, Zucker, Glucose-Fructose-Sirup, 4% Wasser, Traubenzucker, 0,3% Vanilleextrakt, Stabilisatoren: Pektin, Johannisbrotkernmehl, Farbstoff: Beta-Carotin, Säuerungsmittel: Citronensäure, natürliches Aroma. In Großbuchstaben angegebene Zutaten enthalten allergene Inhaltsstoffe."]},{"key":"Allergene:","value":["Enthält:Milch und daraus gewonnene Erzeugnisse (inkl. Laktose)"]},{"key":"Identitätskennzeichen:","value":["AT 80125 EG"]},{"key":"Zusatztext:","value":["Lactobacillus casei 1 x 10^7 KBE/mlLactobacillus bulgaricus 1 x 10^7 KBE/mlBifidobacillus bifidus 9 x 10^6 KBE/mlLactobacillus acidophilus 1 x 10^6 KBE/mlStreptococcus thermophilus 7 x 10^7 KBE/ml"]},{"key":"Kontakt:","value":["Berg Bauer","6300 Wörgl, Österreich"]}],"nutritions":[{"key":"","value":"Unzubereitet"},{"key":" ","value":"100 g"},{"key":"Energie","value":"375 kJ | 89 kcal"},{"key":"Fett","value":"2,6 g"},{"key":"Fett, davon gesättigte Fettsäuren","value":"1,6 g"},{"key":"Kohlenhydrate","value":"13,1 g"},{"key":"Kohlenhydrate, davon Zucker","value":"12,6 g"},{"key":"Eiweiß","value":"3,4 g"},{"key":"Salz","value":"0,11 g"}],"tags":[]},
    {"url":"https://www.interspar.at/shop/lebensmittel/p/3109069","data":[{"key":"price","value":"2,29 €"},{"key":"oldPrice","value":"\n\t\t\t\t\t\n\t\t\t\t\t \n\t\t\t\t"},{"key":"pricePerUnit","value":"(3.05 €/kg)"},{"key":"productDetailsName","value":"Bergbauer - Kaffee Joghurt - 750 G"},{"key":"detailsDescription","value":"750 G"},{"key":"articleNumber","value":"Artikelnummer: 3109069"},{"key":"Lagerhinweis:","value":["Gekühlt lagern."]},{"key":"Zutaten:","value":["Zutaten: JOGHURT, Wasser, Zucker, Glucose-Fructose-Sirup, Karamelzuckersiruo, 0,35% Kaffeeextrakt, modifizierte Stärke, Kakaopulver, Aroma, Säuerungsmittel: Citronensäure. In Großbuchstaben angegebene Zutaten enthalten allergene Inhaltsstoffe."]},{"key":"Allergene:","value":["Enthält:Milch und daraus gewonnene Erzeugnisse (inkl. Laktose)"]},{"key":"Identitätskennzeichen:","value":["AT 80125 EG"]},{"key":"Kontakt:","value":["Berg Bauer","6300 Wörgl, Österreich"]}],"nutritions":[{"key":"","value":"Unzubereitet"},{"key":" ","value":"100 g"},{"key":"Energie","value":"417 kJ | 99 kcal"},{"key":"Fett","value":"2,7 g"},{"key":"Fett, davon gesättigte Fettsäuren","value":"1,6 g"},{"key":"Kohlenhydrate","value":"15,1 g"},{"key":"Kohlenhydrate, davon Zucker","value":"14,8 g"},{"key":"Eiweiß","value":"3,5 g"},{"key":"Salz","value":"0,12 g"}],"tags":[]},
    {"url":"https://www.interspar.at/shop/lebensmittel/p/3598146","data":[{"key":"price","value":"0,99 €"},{"key":"oldPrice","value":"\n\t\t\t\t\t\n\t\t\t\t\t \n\t\t\t\t"},{"key":"pricePerUnit","value":"(2.48 €/kg)"},{"key":"productDetailsName","value":"Schärdinger - Erdbeer Traum mit Rhabarber - 400 G"},{"key":"detailsDescription","value":"400 G"},{"key":"articleNumber","value":"Artikelnummer: 3598146"},{"key":"Lagerhinweis:","value":["Vor und nach dem Öffnen gekühlt lagern. Nach dem Öffnen innerhalb von wenigen Tagen verbrauchen."]},{"key":"Zutaten:","value":["Zutaten: JOGHURT, Zucker, Erdbeeren 8,6%, 0,9% Erdbeersaft aus Erdbeersaftkonzentrat, Glucose-Fructose-Sirup, modifizierte Stärke, Stabilisator: Pektin, schwarzes Karottensaftkonzentrat, Aroma, Säureregulatoren: Natriumcitrat, Calciumcitrat, Citronensäure; Aroma. In Großbuchstaben angegebene Zutaten enthalten allergene Inhaltsstoffe."]},{"key":"Allergene:","value":["Enthält:Milch und daraus gewonnene Erzeugnisse (inkl. Laktose)"]},{"key":"Identitätskennzeichen:","value":["AT 30751 EG"]},{"key":"Ursprungsland/Herkunftsort:","value":["Österreich"]},{"key":"Kontakt:","value":["Berglandmilch eGen","Schubertstraße 30, 4600 Wels, Österreich"]}],"nutritions":[{"key":"","value":"Unzubereitet"},{"key":" ","value":"100 g"},{"key":"Energie","value":"416 kJ | 99 kcal"},{"key":"Fett","value":"3,2 g"},{"key":"Fett, davon gesättigte Fettsäuren","value":"2,1 g"},{"key":"Kohlenhydrate","value":"14 g"},{"key":"Kohlenhydrate, davon Zucker","value":"13 g"},{"key":"Eiweiß","value":"3,4 g"},{"key":"Salz","value":"0,12 g"}],"tags":[]},
    {"url":"https://www.interspar.at/shop/lebensmittel/p/3598153","data":[{"key":"price","value":"0,99 €"},{"key":"oldPrice","value":"\n\t\t\t\t\t\n\t\t\t\t\t \n\t\t\t\t"},{"key":"pricePerUnit","value":"(2.48 €/kg)"},{"key":"productDetailsName","value":"Schärdinger - Vanille Traum - 400 G"},{"key":"detailsDescription","value":"400 G"},{"key":"articleNumber","value":"Artikelnummer: 3598153"},{"key":"Lagerhinweis:","value":["Vor und nach dem Öffnen gekühlt lagern. Nach dem Öffnen innerhalb von wenigen Tagen verbrauchen."]},{"key":"Zutaten:","value":["Zutaten: JOGHURT, Zucker, Glucose-Fructose-Sirup, modifizierte Stärke, Bourbonvanilleschotenextrakt, Säuerungsmittel: Natriumcitrate. In Großbuchstaben angegebene Zutaten enthalten allergene Inhaltsstoffe."]},{"key":"Allergene:","value":["Enthält:Milch und daraus gewonnene Erzeugnisse (inkl. Laktose)"]},{"key":"Identitätskennzeichen:","value":["AT 30751 EG"]},{"key":"Ursprungsland/Herkunftsort:","value":["Österreich"]},{"key":"Kontakt:","value":["Berglandmilch eGen","Schubertstraße 30, 4600 Wels, Österreich"]}],"nutritions":[{"key":"","value":"Unzubereitet"},{"key":" ","value":"100 g"},{"key":"Energie","value":"452 kJ | 107 kcal"},{"key":"Fett","value":"3,2 g"},{"key":"Fett, davon gesättigte Fettsäuren","value":"2,1 g"},{"key":"Kohlenhydrate","value":"17 g"},{"key":"Kohlenhydrate, davon Zucker","value":"15 g"},{"key":"Eiweiß","value":"3,1 g"},{"key":"Salz","value":"0,1 g"}],"tags":[]},
    {"url":"https://www.interspar.at/shop/lebensmittel/p/3598160","data":[{"key":"price","value":"0,99 €"},{"key":"oldPrice","value":"\n\t\t\t\t\t\n\t\t\t\t\t \n\t\t\t\t"},{"key":"pricePerUnit","value":"(2.48 €/kg)"},{"key":"productDetailsName","value":"Schärdinger - Marillen Traum mit Pfirsich - 400 G"},{"key":"detailsDescription","value":"400 G"},{"key":"articleNumber","value":"Artikelnummer: 3598160"},{"key":"Lagerhinweis:","value":["Vor und nach dem Öffnen gekühlt lagern. Nach dem Öffnen innerhalb von wenigen Tagen verbrauchen."]},{"key":"Zutaten:","value":["Zutaten: JOGHURT, Zucker, Pfirsich 5%, Marillensaft aus Marillensaftkonzentrat, Glucose-Fructose-Sirup, Marille 5%, modifizierte Stärke, Stabilisator: Pektin, Aroma, Säuerungsmittel: Natriumcitrate, Farbstoff: Beta-Carotin. In Großbuchstaben angegebene Zutaten enthalten allergene Inhaltsstoffe."]},{"key":"Allergene:","value":["Enthält:Milch und daraus gewonnene Erzeugnisse (inkl. Laktose)"]},{"key":"Identitätskennzeichen:","value":["AT 30751 EG"]},{"key":"Ursprungsland/Herkunftsort:","value":["Österreich"]},{"key":"Kontakt:","value":["Berglandmilch eGen","Schubertstraße 30, 4600 Wels, Österreich"]}],"nutritions":[{"key":"","value":"Unzubereitet"},{"key":" ","value":"100 g"},{"key":"Energie","value":"448 kJ | 106 kcal"},{"key":"Fett","value":"3,1 g"},{"key":"Fett, davon gesättigte Fettsäuren","value":"2,1 g"},{"key":"Kohlenhydrate","value":"16 g"},{"key":"Kohlenhydrate, davon Zucker","value":"16 g"},{"key":"Eiweiß","value":"3,3 g"},{"key":"Salz","value":"0,1 g"}],"tags":[]},
    {"url":"https://www.interspar.at/shop/lebensmittel/p/4273394","data":[{"key":"price","value":"1,09 €"},{"key":"oldPrice","value":"\n\t\t\t\t\t\n\t\t\t\t\t \n\t\t\t\t"},{"key":"pricePerUnit","value":"(6.06 €/kg)"},{"key":"productDetailsName","value":"Toni's - Ziegenmilchjoghurt Heidelbeere - 180 G"},{"key":"detailsDescription","value":"180 G"},{"key":"articleNumber","value":"Artikelnummer: 4273394"},{"key":"Lagerhinweis:","value":["Gekühlt lagern bei 2 - 8°C."]},{"key":"Zutaten:","value":["Zutaten: ZIEGENMILCH*, pasteurisiert mit Acidophilus- und Bifidobakterien gereift, Heidelbeeren* (10%), Rübenzucker*, Stabilisator: Pektin. (*aus kontrolliert biologischer Landwirtschaft). In Großbuchstaben angegebene Zutaten enthalten allergene Inhaltstoffe."]},{"key":"Allergene:","value":["Enthält:Milch und daraus gewonnene Erzeugnisse (inkl. Laktose)"]},{"key":"Zubereitung:","value":["Verzehrfertig"]},{"key":"Bio-Kontrollstelle:","value":["AT-Bio-301"]},{"key":"Identitätskennzeichen:","value":["AT 41906EG"]},{"key":"Kontakt:","value":["Toni´s Handels GmbH","Glein 14, 8720 Knittelfeld, Österreich"]}],"nutritions":[{"key":"","value":"Unzubereitet"},{"key":" ","value":"100 g"},{"key":"Energie","value":"402 kJ | 97 kcal"},{"key":"Fett","value":"4,2 g"},{"key":"Fett, davon gesättigte Fettsäuren","value":"2,7 g"},{"key":"Kohlenhydrate","value":"11 g"},{"key":"Kohlenhydrate, davon Zucker","value":"10 g"},{"key":"Eiweiß","value":"3,9 g"},{"key":"Salz","value":"0,06 g"}],"tags":[]},
    {"url":"https://www.interspar.at/shop/lebensmittel/p/4273967","data":[{"key":"price","value":"1,09 €"},{"key":"oldPrice","value":"\n\t\t\t\t\t\n\t\t\t\t\t \n\t\t\t\t"},{"key":"pricePerUnit","value":"(6.06 €/kg)"},{"key":"productDetailsName","value":"Toni's - Ziegenmilchjoghurt Marille - 180 G"},{"key":"detailsDescription","value":"180 G"},{"key":"articleNumber","value":"Artikelnummer: 4273967"},{"key":"Lagerhinweis:","value":["Gekühlt lagern bei 2 - 8°C."]},{"key":"Zutaten:","value":["Zutaten: ZIEGENMILCH*, pasteurisiert mit Acidophilus- und Bifidobakterien gereift, Rübenzucker*, Marillen* (7,3%), Marillenpüree* (2,4%), Stabilisator: Pektin, Säureregulator: Zitronensaftkonzentrat*. (*aus kontrolliert biologischer Landwirtschaft). In Großbuchstaben angegebene Zutaten enthalten allergene Inhaltstoffe."]},{"key":"Allergene:","value":["Enthält:Milch und daraus gewonnene Erzeugnisse (inkl. Laktose)"]},{"key":"Zubereitung:","value":["VerzehrfertigVerzehrfertig"]},{"key":"Bio-Kontrollstelle:","value":["AT-Bio-301"]},{"key":"Identitätskennzeichen:","value":["AT 41906EG"]},{"key":"Kontakt:","value":["Toni´s Handels GmbH","Glein 14, 8720 Knittelfeld, Österreich"]}],"nutritions":[{"key":"","value":"Unzubereitet"},{"key":" ","value":"100 g"},{"key":"Energie","value":"412 kJ | 99 kcal"},{"key":"Fett","value":"4,1 g"},{"key":"Fett, davon gesättigte Fettsäuren","value":"2,7 g"},{"key":"Kohlenhydrate","value":"11 g"},{"key":"Kohlenhydrate, davon Zucker","value":"11 g"},{"key":"Eiweiß","value":"3,9 g"},{"key":"Salz","value":"0,07 g"}],"tags":[]},
    {"url":"https://www.interspar.at/shop/lebensmittel/p/5446988","data":[{"key":"price","value":"0,49 €"},{"key":"oldPrice","value":"\n\t\t\t\t\t\n\t\t\t\t\t \n\t\t\t\t"},{"key":"pricePerUnit","value":"(3.27 €/kg)"},{"key":"productDetailsName","value":"SPAR free from - Fruchtjogurt Sauerkirsche - 150 G"},{"key":"detailsDescription","value":"150 G"},{"key":"articleNumber","value":"Artikelnummer: 5446988"},{"key":"Lagerhinweis:","value":["Vor und nach dem Öffnen gekühlt lagern. Nach dem Öffnen innerhalb von 3 Tagen verbrauchen."]},{"key":"Zutaten:","value":["Zutaten: JOGURT, Fruchtzubereitung (Sauerkirschen, Zucker, Glukose-Fruktose-Sirup, Sauerkirschensaft aus Sauerkirschensaftkonzentrat, modifizierte Stärke, Stabilisator: Pektin, Aroma, Karottensaftkonzentrat, natürliches Kirscharoma). In Großbuchstaben angegebene Zutaten enthalten allergene Inhaltsstoffe."]},{"key":"Allergene:","value":["Enthält:Milch und daraus gewonnene Erzeugnisse (inkl. Laktose)"]},{"key":"","value":["Laktosefrei"]},{"key":"Identitätskennzeichen:","value":["AT 20130 EG"]},{"key":"Ursprungsland/Herkunftsort:","value":["Qualität aus Österreich"]},{"key":"Verbrauchen nach dem Öffnen:","value":["3 Tage"]},{"key":"Kontakt:","value":["SPAR Österr. Warenhandels-AG","Europastraße 3, 5015 Salzburg, Österreich"]}],"nutritions":[{"key":"","value":"Unzubereitet"},{"key":" ","value":"100 g"},{"key":"Energie","value":"362 kJ | 86 kcal"},{"key":"Fett","value":"2,9 g"},{"key":"Fett, davon gesättigte Fettsäuren","value":"2 g"},{"key":"Kohlenhydrate","value":"12 g"},{"key":"Kohlenhydrate, davon Zucker","value":"11 g"},{"key":"Ballaststoffe","value":"0,2 g"},{"key":"Eiweiß","value":"2,9 g"},{"key":"Salz","value":"0,11 g"},{"key":"Broteinheiten","value":"1 BE"},{"key":"Laktose","value":"< 0,01 g"}],"tags":["Lactosefrei"]},
    {"url":"https://www.interspar.at/shop/lebensmittel/p/6610029","data":[{"key":"price","value":"2,69 €"},{"key":"oldPrice","value":"\n\t\t\t\t\t\n\t\t\t\t\t \n\t\t\t\t"},{"key":"pricePerUnit","value":"(2.69 €/kg)"},{"key":"productDetailsName","value":"SalzburgMilch Premium - Jogurt Bircher Müsli - 1 KG"},{"key":"detailsDescription","value":"1 KG"},{"key":"articleNumber","value":"Artikelnummer: 6610029"},{"key":"Lagerhinweis:","value":["Nach dem Öffnen gekühlt lagern und innerhalb von 2 Tagen verbrauchen."]},{"key":"Zutaten:","value":["Zutaten: JOGURT, Zucker, 6,5 % Früchte (Pfirsich, Orange, Apfel, Rosinen, HASELNÜSSE, Bananenpüree), 1,3% WEIZENFLOCKEN, 1,3% ROGGENFLOCKEN, 0,9% Apfelsaft aus Konzentrat, natürliches Aroma, Verdickungsmittel: Guarkernmehl, Pektin; Zitronensaftkonzentrat. In Großbuchstaben angegebene Zutaten enthalten allergene Inhaltsstoffe."]},{"key":"Allergene:","value":["Enthält:Glutenhaltiges Getreide und daraus hergestellte Erzeugnisse, Milch und daraus gewonnene Erzeugnisse (inkl. Laktose), Schalenfrüchte und daraus gewonnene Erzeugnisse"]},{"key":"Verbrauchen nach dem Öffnen:","value":["2 Tage","2 Tage"]},{"key":"Kontakt:","value":["SalzburgMilch GmbH","Milchstraße 1, 5020 Salzburg, Österreich","0662/2455","0662/2455-105"]}],"nutritions":[{"key":" ","value":"100 g"},{"key":"","value":"Unzubereitet"},{"key":"Energie","value":"408 kJ | 97 kcal"},{"key":"Fett","value":"2,7 g"},{"key":"Fett, davon gesättigte Fettsäuren","value":"1,4 g"},{"key":"Kohlenhydrate","value":"14 g"},{"key":"Kohlenhydrate, davon Zucker","value":"13 g"},{"key":"Eiweiß","value":"3,1 g"},{"key":"Salz","value":"0,1 g"}],"tags":[]},
    {"url":"https://www.interspar.at/shop/lebensmittel/p/7252211","data":[{"key":"price","value":"1,09 €"},{"key":"oldPrice","value":"\n\t\t\t\t\t\n\t\t\t\t\t \n\t\t\t\t"},{"key":"pricePerUnit","value":"(6.06 €/kg)"},{"key":"productDetailsName","value":"Toni's - Schafmilchjoghurt Vanille - 180 G"},{"key":"detailsDescription","value":"180 G"},{"key":"articleNumber","value":"Artikelnummer: 7252211"},{"key":"Lagerhinweis:","value":["Gekühlt lagern bei 2-8°C."]},{"key":"Zutaten:","value":["Zutaten: SCHAFMILCH*, pasteurisiert mit Acidophilus- und Bifidobakterien gereift, Rübenzucker*, natürliches Bourbonvanilleschotenextrakt*, Stabilisator: Pektin, Bourbon Vanilleschoten gemahlen*, Säureregulator: Zitronensaftkonzentrat*. *aus kontrolliert biologischer Landwirtschaft. In Großbuchstaben angegebene Zutaten enthalten allergene Inhaltstoffe."]},{"key":"Allergene:","value":["Enthält:Milch und daraus gewonnene Erzeugnisse (inkl. Laktose)"]},{"key":"Bio-Kontrollstelle:","value":["AT-Bio-301"]},{"key":"Identitätskennzeichen:","value":["AT 41906EG"]},{"key":"Kontakt:","value":["Toni´s Handels GmbH","Glein 14, 8720 Knittelfeld, Österreich"]}],"nutritions":[{"key":"","value":"Unzubereitet"},{"key":" ","value":"100 g"},{"key":"Energie","value":"443 kJ | 107 kcal"},{"key":"Fett","value":"4,3 g"},{"key":"Fett, davon gesättigte Fettsäuren","value":"3,1 g"},{"key":"Kohlenhydrate","value":"13 g"},{"key":"Kohlenhydrate, davon Zucker","value":"12 g"},{"key":"Eiweiß","value":"3,9 g"},{"key":"Salz","value":"0,03 g"}],"tags":["Bio"]},
    {"url":"https://www.interspar.at/shop/lebensmittel/p/7252259","data":[{"key":"price","value":"1,09 €"},{"key":"oldPrice","value":"\n\t\t\t\t\t\n\t\t\t\t\t \n\t\t\t\t"},{"key":"pricePerUnit","value":"(6.06 €/kg)"},{"key":"productDetailsName","value":"Toni's - Schafmilchjoghurt Erdbeere - 180 G"},{"key":"detailsDescription","value":"180 G"},{"key":"articleNumber","value":"Artikelnummer: 7252259"},{"key":"Lagerhinweis:","value":["Gekühlt lagern bei 2-8°C."]},{"key":"Zutaten:","value":["Zutaten: SCHAFMILCH*, pasteurisiert mit Acidophilus- und Bifidobakterien gereift, Erdbeeren* (11%), Rübenzucker*, färbender Aroniasaft*, Stabilisator: Pektin, Johannisbrotkernmehl, Säureregulator: Zitronensaftkonzentrat*. *aus kontrolliert biologischer Landwirtschaft. In Großbuchstaben angegebene Zutaten enthalten allergene Inhaltstoffe."]},{"key":"Allergene:","value":["Enthält:Milch und daraus gewonnene Erzeugnisse (inkl. Laktose)"]},{"key":"Bio-Kontrollstelle:","value":["AT-Bio-301"]},{"key":"Identitätskennzeichen:","value":["AT 41906EG"]},{"key":"Kontakt:","value":["Toni´s Handels GmbH","Glein 14, 8720 Knittelfeld, Österreich"]}],"nutritions":[{"key":"","value":"Unzubereitet"},{"key":" ","value":"100 g"},{"key":"Energie","value":"408 kJ | 98 kcal"},{"key":"Fett","value":"4,1 g"},{"key":"Fett, davon gesättigte Fettsäuren","value":"3 g"},{"key":"Kohlenhydrate","value":"11 g"},{"key":"Kohlenhydrate, davon Zucker","value":"10 g"},{"key":"Eiweiß","value":"3,8 g"},{"key":"Salz","value":"0,05 g"}],"tags":["Bio"]},
    {"url":"https://www.interspar.at/shop/lebensmittel/p/7410956","data":[{"key":"price","value":"0,49 €"},{"key":"oldPrice","value":"\n\t\t\t\t\t\n\t\t\t\t\t \n\t\t\t\t"},{"key":"pricePerUnit","value":"(3.27 €/kg)"},{"key":"productDetailsName","value":"SPAR free from - Müsli-Frucht-Jogurt - 150 G"},{"key":"detailsDescription","value":"150 G"},{"key":"articleNumber","value":"Artikelnummer: 7410956"},{"key":"Lagerhinweis:","value":["Vor und nach dem Öffnen gekühlt lagern. Nach dem Öffnen innerhalb von 3 Tagen verbrauchen."]},{"key":"Zutaten:","value":["Zutaten: JOGURT, Fruchtzubereitung (Zucker, Orangensaft aus Orangensaftkonzentrat, Kornflocken (HAFER, GERSTE, WEIZEN, ROGGEN, DINKEL), Pfirsiche, Glucose-Fructose-Sirup, Bananenpüree, Pfirsichpüree aus Pfirsichpüreekonzentrat, Rosinen, Orangenzellen, HASELNÜSSE, WEIZENMALZ, Zitronensaftkonzentrat, Stabilisator: Johannisbrotkernmehl, natürliche Aromen). In Großbuchstaben angegebene Zutaten enthalten allergene Inhaltsstoffe."]},{"key":"Allergene:","value":["Enthält:Glutenhaltiges Getreide und daraus hergestellte Erzeugnisse, Milch und daraus gewonnene Erzeugnisse (inkl. Laktose), Schalenfrüchte und daraus gewonnene Erzeugnisse"]},{"key":"","value":["Laktosefrei"]},{"key":"Identitätskennzeichen:","value":["AT 20130 EG"]},{"key":"Ursprungsland/Herkunftsort:","value":["Qualität aus Österreich"]},{"key":"Verbrauchen nach dem Öffnen:","value":["3 Tage"]},{"key":"Kontakt:","value":["SPAR Österr. Warenhandels-AG","Europastraße 3, 5015 Salzburg, Österreich"]}],"nutritions":[{"key":"","value":"Unzubereitet"},{"key":" ","value":"100 g"},{"key":"Energie","value":"445 kJ | 106 kcal"},{"key":"Fett","value":"3,3 g"},{"key":"Fett, davon gesättigte Fettsäuren","value":"2,3 g"},{"key":"Kohlenhydrate","value":"15 g"},{"key":"Kohlenhydrate, davon Zucker","value":"13 g"},{"key":"Ballaststoffe","value":"0,5 g"},{"key":"Eiweiß","value":"3,2 g"},{"key":"Salz","value":"0,13 g"},{"key":"Broteinheiten","value":"1,3 BE"},{"key":"Laktose","value":"< 0,01 g"}],"tags":["Lactosefrei"]},
    {"url":"https://www.interspar.at/shop/lebensmittel/p/7410987","data":[{"key":"price","value":"0,49 €"},{"key":"oldPrice","value":"\n\t\t\t\t\t\n\t\t\t\t\t \n\t\t\t\t"},{"key":"pricePerUnit","value":"(3.27 €/kg)"},{"key":"productDetailsName","value":"SPAR free from - Vanillejogurt - 150 G"},{"key":"detailsDescription","value":"150 G"},{"key":"articleNumber","value":"Artikelnummer: 7410987"},{"key":"Lagerhinweis:","value":["Vor und nach dem Öffnen gekühlt lagern. Nach dem Öffnen innerhalb von 3 Tagen verbrauchen."]},{"key":"Zutaten:","value":["Zutaten: JOGURT, Vanillezubereitung mit Bourbonvanilleextrakt (Zucker, modifizierte Stärke, Bourbonvanilleextrakt, Aroma, Karottenextrakt, Säuerungsmittel: Citronensäure). In Großbuchstaben angegebene Zutaten enthalten allergene Inhaltsstoffe."]},{"key":"Allergene:","value":["Enthält:Milch und daraus gewonnene Erzeugnisse (inkl. Laktose)"]},{"key":"","value":["Laktosefrei"]},{"key":"Identitätskennzeichen:","value":["AT 20130 EG"]},{"key":"Ursprungsland/Herkunftsort:","value":["Qualität aus Österreich"]},{"key":"Verbrauchen nach dem Öffnen:","value":["3 Tage"]},{"key":"Kontakt:","value":["SPAR Österr. Warenhandels-AG","Europastraße 3, 5015 Salzburg, Österreich"]}],"nutritions":[{"key":"","value":"Unzubereitet"},{"key":" ","value":"100 g"},{"key":"Energie","value":"385 kJ | 91 kcal"},{"key":"Fett","value":"2,9 g"},{"key":"Fett, davon gesättigte Fettsäuren","value":"2 g"},{"key":"Kohlenhydrate","value":"13 g"},{"key":"Kohlenhydrate, davon Zucker","value":"13 g"},{"key":"Ballaststoffe","value":"0 g"},{"key":"Eiweiß","value":"2,8 g"},{"key":"Salz","value":"0,13 g"},{"key":"Broteinheiten","value":"1,1 BE"},{"key":"Laktose","value":"< 0,01 g"}],"tags":["Lactosefrei"]},
    {"url":"https://www.interspar.at/shop/lebensmittel/p/7699740","data":[{"key":"price","value":"2,69 €"},{"key":"oldPrice","value":"\n\t\t\t\t\t\n\t\t\t\t\t \n\t\t\t\t"},{"key":"pricePerUnit","value":"(2.69 €/kg)"},{"key":"productDetailsName","value":"SalzburgMilch Premium - Jogurt Stracciatella - 1 KG"},{"key":"detailsDescription","value":"1 KG"},{"key":"articleNumber","value":"Artikelnummer: 7699740"},{"key":"Lagerhinweis:","value":["Gekühlt lagern."]},{"key":"Zutaten:","value":["Zutaten: JOGURT, Zucker, 2,3 % Schokosplits (Kakaomasse, Kakaobutter, Zucker), Stärke, natürliches Aroma, Zitronensaftkonzentrat, Verdickungsmittel: Johannisbrotkernmehl. In Großbuchstaben angegebene Zutaten enthalten allergene Inhaltstoffe."]},{"key":"Allergene:","value":["Enthält:Milch und daraus gewonnene Erzeugnisse (inkl. Laktose)"]},{"key":"Identitätskennzeichen:","value":["AT 50151 EG"]},{"key":"Kontakt:","value":["SalzburgMilch GmbH","Milchstraße 1, 5020 Salzburg, Österreich"]}],"nutritions":[{"key":" ","value":"100 g"},{"key":"","value":"Unzubereitet"},{"key":"Energie","value":"486 kJ | 116 kcal"},{"key":"Fett","value":"4,1 g"},{"key":"Fett, davon gesättigte Fettsäuren","value":"2,5 g"},{"key":"Kohlenhydrate","value":"16 g"},{"key":"Kohlenhydrate, davon Zucker","value":"15 g"},{"key":"Eiweiß","value":"3,1 g"},{"key":"Salz","value":"0,12 g"}],"tags":[]},
    {"url":"https://www.interspar.at/shop/lebensmittel/p/7832079","data":[{"key":"price","value":"0,99 €"},{"key":"oldPrice","value":"\n\t\t\t\t\t\n\t\t\t\t\t \n\t\t\t\t"},{"key":"pricePerUnit","value":"(2.48 €/kg)"},{"key":"productDetailsName","value":"Schärdinger - Mango Traum mit Papaya - 400 G"},{"key":"detailsDescription","value":"400 G"},{"key":"articleNumber","value":"Artikelnummer: 7832079"},{"key":"Lagerhinweis:","value":["Vor und nach dem Öffnen gekühlt lagern. Nach dem Öffnen innerhalb von wenigen Tagen verbrauchen."]},{"key":"Zutaten:","value":["Zutaten: JOGHURT, Zucker, Mangopüree 7%, Papayapüree 3%, Traubenzucker, färbende Pflanzenkonzentrate (Paprikaextrakt, Saflor, Zitrone), modifizierte Stärke, Stabilisator: Pektin, Säuerungsmittel: Citronensäure, Aroma. In Großbuchstaben angegebene Zutaten enthalten allergene Inhaltsstoffe."]},{"key":"Allergene:","value":["Enthält:Milch und daraus gewonnene Erzeugnisse (inkl. Laktose)"]},{"key":"Identitätskennzeichen:","value":["AT 30751 EG"]},{"key":"Ursprungsland/Herkunftsort:","value":["Österreich"]},{"key":"Kontakt:","value":["Berglandmilch eGen","Schubertstraße 30, 4600 Wels, Österreich"]}],"nutritions":[{"key":"","value":"Unzubereitet"},{"key":" ","value":"100 g"},{"key":"Energie","value":"435 kJ | 103 kcal"},{"key":"Fett","value":"3,1 g"},{"key":"Fett, davon gesättigte Fettsäuren","value":"2,1 g"},{"key":"Kohlenhydrate","value":"16 g"},{"key":"Kohlenhydrate, davon Zucker","value":"15 g"},{"key":"Eiweiß","value":"3,2 g"},{"key":"Salz","value":"0,1 g"}],"tags":[]},
    {"url":"https://www.interspar.at/shop/lebensmittel/p/8203250","data":[{"key":"price","value":"1,39 €"},{"key":"oldPrice","value":"\n\t\t\t\t\t\n\t\t\t\t\t \n\t\t\t\t"},{"key":"pricePerUnit","value":"(6.95 €/kg)"},{"key":"productDetailsName","value":"Schärdinger - Knusper Traum Himbeer Kirsche - 200 G"},{"key":"detailsDescription","value":"200 G"},{"key":"articleNumber","value":"Artikelnummer: 8203250"},{"key":"Lagerhinweis:","value":["Gekühlt bei max.+6°C lagern."]},{"key":"Zutaten:","value":["Zutaten: JOGHURT, 10% Müslimischung (PUFFDINKEL, HAFERFLOCKEN, Schokoladedrops [Zucker, Kakaomasse, Kakaobutter, Emulgator: Lecithine (SOJA), Vanilleextrakt],  Zucker, Kokosflocken, ungehärtetes Palmfett, Honig, DINKELMEHL, GERSTENMALZEXTRAKT), Zucker, 6,2% Sauerkirschen, 2,8% Himbeerpüree, 1,8% rote Ribisel, modifizierte Stärke, Stabilisator: Carrageen, schwarzes Karottensaftkonzentrat, Säureregulatoren: Citronensäure, Natriumcitrat. In Großbuchstaben angegebene Zutaten enthalten allergene Inhaltstoffe."]},{"key":"Allergene:","value":["Enthält:Glutenhaltiges Getreide und daraus hergestellte Erzeugnisse, Milch und daraus gewonnene Erzeugnisse (inkl. Laktose), Sojabohnen und daraus gewonnene Erzeugnisse"]},{"key":"Identitätskennzeichen:","value":["AT 70149 EG"]},{"key":"Kontakt:","value":["Berglandmilch eGen","Schubertstraße 30, 4600 Wels, Österreich"]}],"nutritions":[{"key":"","value":"Unzubereitet"},{"key":" ","value":"100 g"},{"key":"Energie","value":"513 kJ | 122 kcal"},{"key":"Fett","value":"4 g"},{"key":"Fett, davon gesättigte Fettsäuren","value":"2,4 g"},{"key":"Kohlenhydrate","value":"17 g"},{"key":"Kohlenhydrate, davon Zucker","value":"12 g"},{"key":"Eiweiß","value":"3,9 g"},{"key":"Salz","value":"0,08 g"}],"tags":[]},
    {"url":"https://www.interspar.at/shop/lebensmittel/p/160858","data":[{"key":"price","value":"0,59 €"},{"key":"oldPrice","value":"\n\t\t\t\t\t\n\t\t\t\t\t \n\t\t\t\t"},{"key":"pricePerUnit","value":"(3.28 €/kg)"},{"key":"productDetailsName","value":"NÖM Mix - Fruchtjoghurt Erdbeere - 180 G"},{"key":"detailsDescription","value":"180 G"},{"key":"articleNumber","value":"Artikelnummer: 160858"},{"key":"Lagerhinweis:","value":["Gekühlt (+ 3-9 °C) lagern."]},{"key":"Zutaten:","value":["Zutaten: JOGHURT aus gentechnikfreier Milch*, 10% Erdbeeren, Zucker, Maisstärke, Stabilisator: Pektine, Zitronensaftkonzentrat, färbendes Frucht- und Pflanzenkonzentrat (Rote Beete), natürliches Aroma. *laut Definition des Österreichischen Lebensmittelcodex für gentechnikfreie Produktion; Kontrolle durch agroVet GmbH. In Großbuchstaben angegebene Zutaten enthalten allergene Inhaltsstoffe."]},{"key":"Allergene:","value":["Enthält:Milch und daraus gewonnene Erzeugnisse (inkl. Laktose)"]},{"key":"Identitätskennzeichen:","value":["AT 30960 EG"]},{"key":"Kontakt:","value":["NÖM AG","Vöslauer Straße 109, 2500 Baden, Österreich","0800 800 500"]}],"nutritions":[{"key":"","value":"Unzubereitet"},{"key":" ","value":"100 g"},{"key":"Energie","value":"388 kJ | 92 kcal | 5 %"},{"key":"Fett","value":"2,5 g | 4 %"},{"key":"Fett, davon gesättigte Fettsäuren","value":"1,5 g | 8 %"},{"key":"Kohlenhydrate","value":"13 g | 5 %"},{"key":"Kohlenhydrate, davon Zucker","value":"12,6 g | 14 %"},{"key":"Eiweiß","value":"3,8 g | 8 %"},{"key":"Salz","value":"0,1 g | 2 %"},{"key":"","value":"Unzubereitet"},{"key":" ","value":"Portion (180 g)"},{"key":"Energie","value":"698 kJ | 166 kcal"},{"key":"Fett","value":"4,5 g"},{"key":"Fett, davon gesättigte Fettsäuren","value":"2,7 g"},{"key":"Kohlenhydrate","value":"23,4 g"},{"key":"Kohlenhydrate, davon Zucker","value":"22,7 g"},{"key":"Eiweiß","value":"6,8 g"},{"key":"Salz","value":"0,18 g"}],"tags":[]},
    {"url":"https://www.interspar.at/shop/lebensmittel/p/168434","data":[{"key":"price","value":"0,59 €"},{"key":"oldPrice","value":"\n\t\t\t\t\t\n\t\t\t\t\t \n\t\t\t\t"},{"key":"pricePerUnit","value":"(3.28 €/kg)"},{"key":"productDetailsName","value":"NÖM Mix - Fruchtjoghurt Himbeere - 180 G"},{"key":"detailsDescription","value":"180 G"},{"key":"articleNumber","value":"Artikelnummer: 168434"},{"key":"Lagerhinweis:","value":["Gekühlt (+ 3-9 °C) lagern."]},{"key":"Zutaten:","value":["Zutaten: JOGHURT*, 10% Himbeeren, Zucker, Stabilisator: Pektin, Karottensaftkonzentrat, Zitronensaft aus Konzentrat. *aus gentechnikfreier Milch laut Definition des Österreichischen Lebensmittelcodex für gentechnikfreie Produktion; Kontrolle durch agroVet GmbH. In Großbuchstaben angegebene Zutaten enthalten allergene Inhaltsstoffe."]},{"key":"Allergene:","value":["Enthält:Milch und daraus gewonnene Erzeugnisse (inkl. Laktose)"]},{"key":"Identitätskennzeichen:","value":["AT 30960 EG"]},{"key":"Kontakt:","value":["NÖM AG","Vöslauer Straße 109, 2500 Baden, Österreich","0800 800 500"]}],"nutritions":[{"key":"","value":"Unzubereitet"},{"key":" ","value":"100 g"},{"key":"Energie","value":"401 kJ | 95 kcal | 5 %"},{"key":"Fett","value":"2,5 g | 4 %"},{"key":"Fett, davon gesättigte Fettsäuren","value":"1,5 g | 8 %"},{"key":"Kohlenhydrate","value":"13,6 g | 5 %"},{"key":"Kohlenhydrate, davon Zucker","value":"13,6 g | 15 %"},{"key":"Eiweiß","value":"3,7 g | 7 %"},{"key":"Salz","value":"0,1 g | 2 %"},{"key":"","value":"Unzubereitet"},{"key":" ","value":"Portion (180 g)"},{"key":"Energie","value":"722 kJ | 171 kcal"},{"key":"Fett","value":"4,5 g"},{"key":"Fett, davon gesättigte Fettsäuren","value":"2,7 g"},{"key":"Kohlenhydrate","value":"24,5 g"},{"key":"Kohlenhydrate, davon Zucker","value":"24,5 g"},{"key":"Eiweiß","value":"6,7 g"},{"key":"Salz","value":"0,18 g"}],"tags":[]},
    {"url":"https://www.interspar.at/shop/lebensmittel/p/171786","data":[{"key":"price","value":"0,59 €"},{"key":"oldPrice","value":"\n\t\t\t\t\t\n\t\t\t\t\t \n\t\t\t\t"},{"key":"pricePerUnit","value":"(3.28 €/kg)"},{"key":"productDetailsName","value":"NÖM Mix - Fruchtjoghurt Kirsche - 180 G"},{"key":"detailsDescription","value":"180 G"},{"key":"articleNumber","value":"Artikelnummer: 171786"},{"key":"Lagerhinweis:","value":["Gekühlt (+ 3-9 °C) lagern."]},{"key":"Zutaten:","value":["Zutaten: JOGHURT*, 10% Kirschen, Zucker, Maisstärke, Stabilisator: Pektin, Zitronensaftkonzentrat, färbendes Frucht- und Pflanzenkonzentrat (Karotte), natürliches Aroma. *aus gentechnikfreier Milch laut Definition des Österreichischen Lebensmittelcodex für gentechnikfreie Produktion; Kontrolle durch agroVet GmbH. In Großbuchstaben angegebene Zutaten enthalten allergene Inhaltsstoffe."]},{"key":"Allergene:","value":["Enthält:Milch und daraus gewonnene Erzeugnisse (inkl. Laktose)"]},{"key":"Identitätskennzeichen:","value":["AT 30960 EG"]},{"key":"Kontakt:","value":["NÖM AG","Vöslauer Straße 109, 2500 Baden, Österreich","0800 800 500"]}],"nutritions":[{"key":"","value":"Unzubereitet"},{"key":" ","value":"100 g"},{"key":"Energie","value":"401 kJ | 95 kcal | 5 %"},{"key":"Fett","value":"2,6 g | 4 %"},{"key":"Fett, davon gesättigte Fettsäuren","value":"1,5 g | 8 %"},{"key":"Kohlenhydrate","value":"13,7 g | 5 %"},{"key":"Kohlenhydrate, davon Zucker","value":"13,3 g | 15 %"},{"key":"Eiweiß","value":"3,8 g | 8 %"},{"key":"Salz","value":"0,1 g | 2 %"},{"key":"","value":"Unzubereitet"},{"key":" ","value":"Portion (180 g)"},{"key":"Energie","value":"722 kJ | 171 kcal"},{"key":"Fett","value":"4,7 g"},{"key":"Fett, davon gesättigte Fettsäuren","value":"2,7 g"},{"key":"Kohlenhydrate","value":"24,7 g"},{"key":"Kohlenhydrate, davon Zucker","value":"23,9 g"},{"key":"Eiweiß","value":"6,8 g"},{"key":"Salz","value":"0,18 g"}],"tags":[]},
    {"url":"https://www.interspar.at/shop/lebensmittel/p/178235","data":[{"key":"price","value":"0,59 €"},{"key":"oldPrice","value":"\n\t\t\t\t\t\n\t\t\t\t\t \n\t\t\t\t"},{"key":"pricePerUnit","value":"(3.28 €/kg)"},{"key":"productDetailsName","value":"NÖM Mix - Fruchtjoghurt Ananas - 180 G"},{"key":"detailsDescription","value":"180 G"},{"key":"articleNumber","value":"Artikelnummer: 178235"},{"key":"Lagerhinweis:","value":["Gekühlt (+ 3-9 °C) lagern."]},{"key":"Zutaten:","value":["Zutaten: JOGHURT aus gentechnikfreier Milch*, 10% Ananas, Zucker, Maisstärke, Stabilisator: Pektine, Zitronensaftkonzentrat, natürliches Aroma. *laut Definition des Österreichischen Lebensmittelcodex für gentechnikfreie Produktion; Kontrolle durch agroVet GmbH. In Großbuchstaben angegebene Zutaten enthalten allergene Inhaltsstoffe."]},{"key":"Allergene:","value":["Enthält:Milch und daraus gewonnene Erzeugnisse (inkl. Laktose)"]},{"key":"Identitätskennzeichen:","value":["AT 30960 EG"]},{"key":"Kontakt:","value":["NÖM AG","Vöslauer Straße 109, 2500 Baden, Österreich","0800 800 500"]}],"nutritions":[{"key":"","value":"Unzubereitet"},{"key":" ","value":"100 g"},{"key":"Energie","value":"418 kJ | 99 kcal | 5 %"},{"key":"Fett","value":"2,5 g | 4 %"},{"key":"Fett, davon gesättigte Fettsäuren","value":"1,5 g | 8 %"},{"key":"Kohlenhydrate","value":"14,8 g | 6 %"},{"key":"Kohlenhydrate, davon Zucker","value":"14,4 g | 16 %"},{"key":"Eiweiß","value":"3,7 g | 7 %"},{"key":"Salz","value":"0,1 g | 2 %"},{"key":"","value":"Unzubereitet"},{"key":" ","value":"Portion (180 g)"},{"key":"Energie","value":"752 kJ | 178 kcal"},{"key":"Fett","value":"4,5 g"},{"key":"Fett, davon gesättigte Fettsäuren","value":"2,7 g"},{"key":"Kohlenhydrate","value":"26,6 g"},{"key":"Kohlenhydrate, davon Zucker","value":"25,9 g"},{"key":"Eiweiß","value":"6,7 g"},{"key":"Salz","value":"0,18 g"}],"tags":[]},
    {"url":"https://www.interspar.at/shop/lebensmittel/p/2020002053185","data":[{"key":"price","value":"0,59 €"},{"key":"oldPrice","value":"\n\t\t\t\t\t\n\t\t\t\t\t \n\t\t\t\t"},{"key":"pricePerUnit","value":"(3.28 €/kg)"},{"key":"productDetailsName","value":"NÖM Mix - Zwetschke Zimt Limited Edition - 180 G"},{"key":"detailsDescription","value":"180 G"},{"key":"articleNumber","value":"Artikelnummer: 2020002053185"},{"key":"Lagerhinweis:","value":["gekühlt (3-9°C) lagern."]},{"key":"Zutaten:","value":["Zutaten: JOGHURT**, Zucker, 8% Zwetschken, 2% Zwetschkenmark, Zitronensaftkonzentrat, Stärke, Stabilisator: Pektine, färbendes Karottenkonzentrat, Zimt, natürliches Aroma. **aus gentechnikfreier Milch laut Definition des Österreichischen Lebensmittelcodex für gentechnikfreie Produktion; Kontrolle durch agroVet GmbH. In Großbuchstaben angegebene Zutaten enthalten allergene Inhaltstoffe."]},{"key":"Allergene:","value":["Enthält:Milch und daraus gewonnene Erzeugnisse (inkl. Laktose)"]},{"key":"Identitätskennzeichen:","value":["AT 30960 EG"]},{"key":"Kontakt:","value":["NÖM AG","Vöslauer Straße 109, 2500 Baden, Österreich","0800 800 500","www.noem.at"]}],"nutritions":[{"key":"","value":"Unzubereitet"},{"key":" ","value":"100 g"},{"key":"Energie","value":"385 kJ | 91 kcal | 5 %"},{"key":"Fett","value":"2,6 g | 4 %"},{"key":"Fett, davon gesättigte Fettsäuren","value":"1,5 g | 8 %"},{"key":"Kohlenhydrate","value":"12,6 g | 5 %"},{"key":"Kohlenhydrate, davon Zucker","value":"12 g | 13 %"},{"key":"Eiweiß","value":"3,8 g | 8 %"},{"key":"Salz","value":"0,1 g | 2 %"},{"key":"","value":"Unzubereitet"},{"key":" ","value":"Portion (180 g)"},{"key":"Energie","value":"693 kJ | 164 kcal"},{"key":"Fett","value":"4,7 g"},{"key":"Fett, davon gesättigte Fettsäuren","value":"2,7 g"},{"key":"Kohlenhydrate","value":"22,7 g"},{"key":"Kohlenhydrate, davon Zucker","value":"21,6 g"},{"key":"Eiweiß","value":"6,8 g"},{"key":"Salz","value":"0,18 g"}],"tags":[]},
    {"url":"https://www.interspar.at/shop/lebensmittel/p/3380659","data":[{"key":"price","value":"0,59 €"},{"key":"oldPrice","value":"\n\t\t\t\t\t\n\t\t\t\t\t \n\t\t\t\t"},{"key":"pricePerUnit","value":"(3.28 €/kg)"},{"key":"productDetailsName","value":"NÖM Mix - Fruchtjoghurt Waldbeere - 180 G"},{"key":"detailsDescription","value":"180 G"},{"key":"articleNumber","value":"Artikelnummer: 3380659"},{"key":"Lagerhinweis:","value":["Gekühlt (+ 3-9 °C) lagern."]},{"key":"Zutaten:","value":["Zutaten: JOGHURT*, 10% Früchte (Erdbeeren, Brombeeren, Himbeeren, Heidelbeeren), Zucker, Maisstärke, Stabilisator: Pektine, Zitronensaftkonzentrat, natürliches Aroma. *aus gentechnikfreier Milch laut Definition des Österreichischen Lebensmittelcodex für gentechnikfreie Produktion; Kontrolle durch agroVet GmbH. In Großbuchstaben angegebene Zutaten enthalten allergene Inhaltsstoffe."]},{"key":"Allergene:","value":["Enthält:Milch und daraus gewonnene Erzeugnisse (inkl. Laktose)"]},{"key":"Identitätskennzeichen:","value":["AT 30960 EG"]},{"key":"Kontakt:","value":["NÖM AG","Vöslauer Straße 109, 2500 Baden, Österreich","0800 800 500"]}],"nutritions":[{"key":"","value":"Unzubereitet"},{"key":" ","value":"100 g"},{"key":"Energie","value":"409 kJ | 97 kcal | 5 %"},{"key":"Fett","value":"2,5 g | 4 %"},{"key":"Fett, davon gesättigte Fettsäuren","value":"1,5 g | 8 %"},{"key":"Kohlenhydrate","value":"14,2 g | 6 %"},{"key":"Kohlenhydrate, davon Zucker","value":"13,7 g | 15 %"},{"key":"Eiweiß","value":"3,8 g | 8 %"},{"key":"Salz","value":"0,1 g | 2 %"},{"key":"","value":"Unzubereitet"},{"key":" ","value":"Portion (180 g)"},{"key":"Energie","value":"736 kJ | 175 kcal"},{"key":"Fett","value":"4,5 g"},{"key":"Fett, davon gesättigte Fettsäuren","value":"2,7 g"},{"key":"Kohlenhydrate","value":"25,6 g"},{"key":"Kohlenhydrate, davon Zucker","value":"24,7 g"},{"key":"Eiweiß","value":"6,8 g"},{"key":"Salz","value":"0,18 g"}],"tags":[]},
    {"url":"https://www.interspar.at/shop/lebensmittel/p/7252259","data":[{"key":"price","value":"1,09 €"},{"key":"oldPrice","value":"\n\t\t\t\t\t\n\t\t\t\t\t \n\t\t\t\t"},{"key":"pricePerUnit","value":"(6.06 €/kg)"},{"key":"productDetailsName","value":"Toni's - Schafmilchjoghurt Erdbeere - 180 G"},{"key":"detailsDescription","value":"180 G"},{"key":"articleNumber","value":"Artikelnummer: 7252259"},{"key":"Lagerhinweis:","value":["Gekühlt lagern bei 2-8°C."]},{"key":"Zutaten:","value":["Zutaten: SCHAFMILCH*, pasteurisiert mit Acidophilus- und Bifidobakterien gereift, Erdbeeren* (11%), Rübenzucker*, färbender Aroniasaft*, Stabilisator: Pektin, Johannisbrotkernmehl, Säureregulator: Zitronensaftkonzentrat*. *aus kontrolliert biologischer Landwirtschaft. In Großbuchstaben angegebene Zutaten enthalten allergene Inhaltstoffe."]},{"key":"Allergene:","value":["Enthält:Milch und daraus gewonnene Erzeugnisse (inkl. Laktose)"]},{"key":"Bio-Kontrollstelle:","value":["AT-Bio-301"]},{"key":"Identitätskennzeichen:","value":["AT 41906EG"]},{"key":"Kontakt:","value":["Toni´s Handels GmbH","Glein 14, 8720 Knittelfeld, Österreich"]}],"nutritions":[{"key":"","value":"Unzubereitet"},{"key":" ","value":"100 g"},{"key":"Energie","value":"408 kJ | 98 kcal"},{"key":"Fett","value":"4,1 g"},{"key":"Fett, davon gesättigte Fettsäuren","value":"3 g"},{"key":"Kohlenhydrate","value":"11 g"},{"key":"Kohlenhydrate, davon Zucker","value":"10 g"},{"key":"Eiweiß","value":"3,8 g"},{"key":"Salz","value":"0,05 g"}],"tags":["Bio"]},
    {"url":"https://www.interspar.at/shop/lebensmittel/p/7410956","data":[{"key":"price","value":"0,49 €"},{"key":"oldPrice","value":"\n\t\t\t\t\t\n\t\t\t\t\t \n\t\t\t\t"},{"key":"pricePerUnit","value":"(3.27 €/kg)"},{"key":"productDetailsName","value":"SPAR free from - Müsli-Frucht-Jogurt - 150 G"},{"key":"detailsDescription","value":"150 G"},{"key":"articleNumber","value":"Artikelnummer: 7410956"},{"key":"Lagerhinweis:","value":["Vor und nach dem Öffnen gekühlt lagern. Nach dem Öffnen innerhalb von 3 Tagen verbrauchen."]},{"key":"Zutaten:","value":["Zutaten: JOGURT, Fruchtzubereitung (Zucker, Orangensaft aus Orangensaftkonzentrat, Kornflocken (HAFER, GERSTE, WEIZEN, ROGGEN, DINKEL), Pfirsiche, Glucose-Fructose-Sirup, Bananenpüree, Pfirsichpüree aus Pfirsichpüreekonzentrat, Rosinen, Orangenzellen, HASELNÜSSE, WEIZENMALZ, Zitronensaftkonzentrat, Stabilisator: Johannisbrotkernmehl, natürliche Aromen). In Großbuchstaben angegebene Zutaten enthalten allergene Inhaltsstoffe."]},{"key":"Allergene:","value":["Enthält:Glutenhaltiges Getreide und daraus hergestellte Erzeugnisse, Milch und daraus gewonnene Erzeugnisse (inkl. Laktose), Schalenfrüchte und daraus gewonnene Erzeugnisse"]},{"key":"","value":["Laktosefrei"]},{"key":"Identitätskennzeichen:","value":["AT 20130 EG"]},{"key":"Ursprungsland/Herkunftsort:","value":["Qualität aus Österreich"]},{"key":"Verbrauchen nach dem Öffnen:","value":["3 Tage"]},{"key":"Kontakt:","value":["SPAR Österr. Warenhandels-AG","Europastraße 3, 5015 Salzburg, Österreich"]}],"nutritions":[{"key":"","value":"Unzubereitet"},{"key":" ","value":"100 g"},{"key":"Energie","value":"445 kJ | 106 kcal"},{"key":"Fett","value":"3,3 g"},{"key":"Fett, davon gesättigte Fettsäuren","value":"2,3 g"},{"key":"Kohlenhydrate","value":"15 g"},{"key":"Kohlenhydrate, davon Zucker","value":"13 g"},{"key":"Ballaststoffe","value":"0,5 g"},{"key":"Eiweiß","value":"3,2 g"},{"key":"Salz","value":"0,13 g"},{"key":"Broteinheiten","value":"1,3 BE"},{"key":"Laktose","value":"< 0,01 g"}],"tags":["Lactosefrei"]},
    {"url":"https://www.interspar.at/shop/lebensmittel/p/7410987","data":[{"key":"price","value":"0,49 €"},{"key":"oldPrice","value":"\n\t\t\t\t\t\n\t\t\t\t\t \n\t\t\t\t"},{"key":"pricePerUnit","value":"(3.27 €/kg)"},{"key":"productDetailsName","value":"SPAR free from - Vanillejogurt - 150 G"},{"key":"detailsDescription","value":"150 G"},{"key":"articleNumber","value":"Artikelnummer: 7410987"},{"key":"Lagerhinweis:","value":["Vor und nach dem Öffnen gekühlt lagern. Nach dem Öffnen innerhalb von 3 Tagen verbrauchen."]},{"key":"Zutaten:","value":["Zutaten: JOGURT, Vanillezubereitung mit Bourbonvanilleextrakt (Zucker, modifizierte Stärke, Bourbonvanilleextrakt, Aroma, Karottenextrakt, Säuerungsmittel: Citronensäure). In Großbuchstaben angegebene Zutaten enthalten allergene Inhaltsstoffe."]},{"key":"Allergene:","value":["Enthält:Milch und daraus gewonnene Erzeugnisse (inkl. Laktose)"]},{"key":"","value":["Laktosefrei"]},{"key":"Identitätskennzeichen:","value":["AT 20130 EG"]},{"key":"Ursprungsland/Herkunftsort:","value":["Qualität aus Österreich"]},{"key":"Verbrauchen nach dem Öffnen:","value":["3 Tage"]},{"key":"Kontakt:","value":["SPAR Österr. Warenhandels-AG","Europastraße 3, 5015 Salzburg, Österreich"]}],"nutritions":[{"key":"","value":"Unzubereitet"},{"key":" ","value":"100 g"},{"key":"Energie","value":"385 kJ | 91 kcal"},{"key":"Fett","value":"2,9 g"},{"key":"Fett, davon gesättigte Fettsäuren","value":"2 g"},{"key":"Kohlenhydrate","value":"13 g"},{"key":"Kohlenhydrate, davon Zucker","value":"13 g"},{"key":"Ballaststoffe","value":"0 g"},{"key":"Eiweiß","value":"2,8 g"},{"key":"Salz","value":"0,13 g"},{"key":"Broteinheiten","value":"1,1 BE"},{"key":"Laktose","value":"< 0,01 g"}],"tags":["Lactosefrei"]},
    {"url":"https://www.interspar.at/shop/lebensmittel/p/7699740","data":[{"key":"price","value":"2,69 €"},{"key":"oldPrice","value":"\n\t\t\t\t\t\n\t\t\t\t\t \n\t\t\t\t"},{"key":"pricePerUnit","value":"(2.69 €/kg)"},{"key":"productDetailsName","value":"SalzburgMilch Premium - Jogurt Stracciatella - 1 KG"},{"key":"detailsDescription","value":"1 KG"},{"key":"articleNumber","value":"Artikelnummer: 7699740"},{"key":"Lagerhinweis:","value":["Gekühlt lagern."]},{"key":"Zutaten:","value":["Zutaten: JOGURT, Zucker, 2,3 % Schokosplits (Kakaomasse, Kakaobutter, Zucker), Stärke, natürliches Aroma, Zitronensaftkonzentrat, Verdickungsmittel: Johannisbrotkernmehl. In Großbuchstaben angegebene Zutaten enthalten allergene Inhaltstoffe."]},{"key":"Allergene:","value":["Enthält:Milch und daraus gewonnene Erzeugnisse (inkl. Laktose)"]},{"key":"Identitätskennzeichen:","value":["AT 50151 EG"]},{"key":"Kontakt:","value":["SalzburgMilch GmbH","Milchstraße 1, 5020 Salzburg, Österreich"]}],"nutritions":[{"key":" ","value":"100 g"},{"key":"","value":"Unzubereitet"},{"key":"Energie","value":"486 kJ | 116 kcal"},{"key":"Fett","value":"4,1 g"},{"key":"Fett, davon gesättigte Fettsäuren","value":"2,5 g"},{"key":"Kohlenhydrate","value":"16 g"},{"key":"Kohlenhydrate, davon Zucker","value":"15 g"},{"key":"Eiweiß","value":"3,1 g"},{"key":"Salz","value":"0,12 g"}],"tags":[]},
    {"url":"https://www.interspar.at/shop/lebensmittel/p/7832079","data":[{"key":"price","value":"0,99 €"},{"key":"oldPrice","value":"\n\t\t\t\t\t\n\t\t\t\t\t \n\t\t\t\t"},{"key":"pricePerUnit","value":"(2.48 €/kg)"},{"key":"productDetailsName","value":"Schärdinger - Mango Traum mit Papaya - 400 G"},{"key":"detailsDescription","value":"400 G"},{"key":"articleNumber","value":"Artikelnummer: 7832079"},{"key":"Lagerhinweis:","value":["Vor und nach dem Öffnen gekühlt lagern. Nach dem Öffnen innerhalb von wenigen Tagen verbrauchen."]},{"key":"Zutaten:","value":["Zutaten: JOGHURT, Zucker, Mangopüree 7%, Papayapüree 3%, Traubenzucker, färbende Pflanzenkonzentrate (Paprikaextrakt, Saflor, Zitrone), modifizierte Stärke, Stabilisator: Pektin, Säuerungsmittel: Citronensäure, Aroma. In Großbuchstaben angegebene Zutaten enthalten allergene Inhaltsstoffe."]},{"key":"Allergene:","value":["Enthält:Milch und daraus gewonnene Erzeugnisse (inkl. Laktose)"]},{"key":"Identitätskennzeichen:","value":["AT 30751 EG"]},{"key":"Ursprungsland/Herkunftsort:","value":["Österreich"]},{"key":"Kontakt:","value":["Berglandmilch eGen","Schubertstraße 30, 4600 Wels, Österreich"]}],"nutritions":[{"key":"","value":"Unzubereitet"},{"key":" ","value":"100 g"},{"key":"Energie","value":"435 kJ | 103 kcal"},{"key":"Fett","value":"3,1 g"},{"key":"Fett, davon gesättigte Fettsäuren","value":"2,1 g"},{"key":"Kohlenhydrate","value":"16 g"},{"key":"Kohlenhydrate, davon Zucker","value":"15 g"},{"key":"Eiweiß","value":"3,2 g"},{"key":"Salz","value":"0,1 g"}],"tags":[]},
    {"url":"https://www.interspar.at/shop/lebensmittel/p/8203250","data":[{"key":"price","value":"1,39 €"},{"key":"oldPrice","value":"\n\t\t\t\t\t\n\t\t\t\t\t \n\t\t\t\t"},{"key":"pricePerUnit","value":"(6.95 €/kg)"},{"key":"productDetailsName","value":"Schärdinger - Knusper Traum Himbeer Kirsche - 200 G"},{"key":"detailsDescription","value":"200 G"},{"key":"articleNumber","value":"Artikelnummer: 8203250"},{"key":"Lagerhinweis:","value":["Gekühlt bei max.+6°C lagern."]},{"key":"Zutaten:","value":["Zutaten: JOGHURT, 10% Müslimischung (PUFFDINKEL, HAFERFLOCKEN, Schokoladedrops [Zucker, Kakaomasse, Kakaobutter, Emulgator: Lecithine (SOJA), Vanilleextrakt],  Zucker, Kokosflocken, ungehärtetes Palmfett, Honig, DINKELMEHL, GERSTENMALZEXTRAKT), Zucker, 6,2% Sauerkirschen, 2,8% Himbeerpüree, 1,8% rote Ribisel, modifizierte Stärke, Stabilisator: Carrageen, schwarzes Karottensaftkonzentrat, Säureregulatoren: Citronensäure, Natriumcitrat. In Großbuchstaben angegebene Zutaten enthalten allergene Inhaltstoffe."]},{"key":"Allergene:","value":["Enthält:Glutenhaltiges Getreide und daraus hergestellte Erzeugnisse, Milch und daraus gewonnene Erzeugnisse (inkl. Laktose), Sojabohnen und daraus gewonnene Erzeugnisse"]},{"key":"Identitätskennzeichen:","value":["AT 70149 EG"]},{"key":"Kontakt:","value":["Berglandmilch eGen","Schubertstraße 30, 4600 Wels, Österreich"]}],"nutritions":[{"key":"","value":"Unzubereitet"},{"key":" ","value":"100 g"},{"key":"Energie","value":"513 kJ | 122 kcal"},{"key":"Fett","value":"4 g"},{"key":"Fett, davon gesättigte Fettsäuren","value":"2,4 g"},{"key":"Kohlenhydrate","value":"17 g"},{"key":"Kohlenhydrate, davon Zucker","value":"12 g"},{"key":"Eiweiß","value":"3,9 g"},{"key":"Salz","value":"0,08 g"}],"tags":[]},
    {"url":"https://www.interspar.at/shop/lebensmittel/p/160858","data":[{"key":"price","value":"0,59 €"},{"key":"oldPrice","value":"\n\t\t\t\t\t\n\t\t\t\t\t \n\t\t\t\t"},{"key":"pricePerUnit","value":"(3.28 €/kg)"},{"key":"productDetailsName","value":"NÖM Mix - Fruchtjoghurt Erdbeere - 180 G"},{"key":"detailsDescription","value":"180 G"},{"key":"articleNumber","value":"Artikelnummer: 160858"},{"key":"Lagerhinweis:","value":["Gekühlt (+ 3-9 °C) lagern."]},{"key":"Zutaten:","value":["Zutaten: JOGHURT aus gentechnikfreier Milch*, 10% Erdbeeren, Zucker, Maisstärke, Stabilisator: Pektine, Zitronensaftkonzentrat, färbendes Frucht- und Pflanzenkonzentrat (Rote Beete), natürliches Aroma. *laut Definition des Österreichischen Lebensmittelcodex für gentechnikfreie Produktion; Kontrolle durch agroVet GmbH. In Großbuchstaben angegebene Zutaten enthalten allergene Inhaltsstoffe."]},{"key":"Allergene:","value":["Enthält:Milch und daraus gewonnene Erzeugnisse (inkl. Laktose)"]},{"key":"Identitätskennzeichen:","value":["AT 30960 EG"]},{"key":"Kontakt:","value":["NÖM AG","Vöslauer Straße 109, 2500 Baden, Österreich","0800 800 500"]}],"nutritions":[{"key":"","value":"Unzubereitet"},{"key":" ","value":"100 g"},{"key":"Energie","value":"388 kJ | 92 kcal | 5 %"},{"key":"Fett","value":"2,5 g | 4 %"},{"key":"Fett, davon gesättigte Fettsäuren","value":"1,5 g | 8 %"},{"key":"Kohlenhydrate","value":"13 g | 5 %"},{"key":"Kohlenhydrate, davon Zucker","value":"12,6 g | 14 %"},{"key":"Eiweiß","value":"3,8 g | 8 %"},{"key":"Salz","value":"0,1 g | 2 %"},{"key":"","value":"Unzubereitet"},{"key":" ","value":"Portion (180 g)"},{"key":"Energie","value":"698 kJ | 166 kcal"},{"key":"Fett","value":"4,5 g"},{"key":"Fett, davon gesättigte Fettsäuren","value":"2,7 g"},{"key":"Kohlenhydrate","value":"23,4 g"},{"key":"Kohlenhydrate, davon Zucker","value":"22,7 g"},{"key":"Eiweiß","value":"6,8 g"},{"key":"Salz","value":"0,18 g"}],"tags":[]},
    {"url":"https://www.interspar.at/shop/lebensmittel/p/168434","data":[{"key":"price","value":"0,59 €"},{"key":"oldPrice","value":"\n\t\t\t\t\t\n\t\t\t\t\t \n\t\t\t\t"},{"key":"pricePerUnit","value":"(3.28 €/kg)"},{"key":"productDetailsName","value":"NÖM Mix - Fruchtjoghurt Himbeere - 180 G"},{"key":"detailsDescription","value":"180 G"},{"key":"articleNumber","value":"Artikelnummer: 168434"},{"key":"Lagerhinweis:","value":["Gekühlt (+ 3-9 °C) lagern."]},{"key":"Zutaten:","value":["Zutaten: JOGHURT*, 10% Himbeeren, Zucker, Stabilisator: Pektin, Karottensaftkonzentrat, Zitronensaft aus Konzentrat. *aus gentechnikfreier Milch laut Definition des Österreichischen Lebensmittelcodex für gentechnikfreie Produktion; Kontrolle durch agroVet GmbH. In Großbuchstaben angegebene Zutaten enthalten allergene Inhaltsstoffe."]},{"key":"Allergene:","value":["Enthält:Milch und daraus gewonnene Erzeugnisse (inkl. Laktose)"]},{"key":"Identitätskennzeichen:","value":["AT 30960 EG"]},{"key":"Kontakt:","value":["NÖM AG","Vöslauer Straße 109, 2500 Baden, Österreich","0800 800 500"]}],"nutritions":[{"key":"","value":"Unzubereitet"},{"key":" ","value":"100 g"},{"key":"Energie","value":"401 kJ | 95 kcal | 5 %"},{"key":"Fett","value":"2,5 g | 4 %"},{"key":"Fett, davon gesättigte Fettsäuren","value":"1,5 g | 8 %"},{"key":"Kohlenhydrate","value":"13,6 g | 5 %"},{"key":"Kohlenhydrate, davon Zucker","value":"13,6 g | 15 %"},{"key":"Eiweiß","value":"3,7 g | 7 %"},{"key":"Salz","value":"0,1 g | 2 %"},{"key":"","value":"Unzubereitet"},{"key":" ","value":"Portion (180 g)"},{"key":"Energie","value":"722 kJ | 171 kcal"},{"key":"Fett","value":"4,5 g"},{"key":"Fett, davon gesättigte Fettsäuren","value":"2,7 g"},{"key":"Kohlenhydrate","value":"24,5 g"},{"key":"Kohlenhydrate, davon Zucker","value":"24,5 g"},{"key":"Eiweiß","value":"6,7 g"},{"key":"Salz","value":"0,18 g"}],"tags":[]},
    {"url":"https://www.interspar.at/shop/lebensmittel/p/171786","data":[{"key":"price","value":"0,59 €"},{"key":"oldPrice","value":"\n\t\t\t\t\t\n\t\t\t\t\t \n\t\t\t\t"},{"key":"pricePerUnit","value":"(3.28 €/kg)"},{"key":"productDetailsName","value":"NÖM Mix - Fruchtjoghurt Kirsche - 180 G"},{"key":"detailsDescription","value":"180 G"},{"key":"articleNumber","value":"Artikelnummer: 171786"},{"key":"Lagerhinweis:","value":["Gekühlt (+ 3-9 °C) lagern."]},{"key":"Zutaten:","value":["Zutaten: JOGHURT*, 10% Kirschen, Zucker, Maisstärke, Stabilisator: Pektin, Zitronensaftkonzentrat, färbendes Frucht- und Pflanzenkonzentrat (Karotte), natürliches Aroma. *aus gentechnikfreier Milch laut Definition des Österreichischen Lebensmittelcodex für gentechnikfreie Produktion; Kontrolle durch agroVet GmbH. In Großbuchstaben angegebene Zutaten enthalten allergene Inhaltsstoffe."]},{"key":"Allergene:","value":["Enthält:Milch und daraus gewonnene Erzeugnisse (inkl. Laktose)"]},{"key":"Identitätskennzeichen:","value":["AT 30960 EG"]},{"key":"Kontakt:","value":["NÖM AG","Vöslauer Straße 109, 2500 Baden, Österreich","0800 800 500"]}],"nutritions":[{"key":"","value":"Unzubereitet"},{"key":" ","value":"100 g"},{"key":"Energie","value":"401 kJ | 95 kcal | 5 %"},{"key":"Fett","value":"2,6 g | 4 %"},{"key":"Fett, davon gesättigte Fettsäuren","value":"1,5 g | 8 %"},{"key":"Kohlenhydrate","value":"13,7 g | 5 %"},{"key":"Kohlenhydrate, davon Zucker","value":"13,3 g | 15 %"},{"key":"Eiweiß","value":"3,8 g | 8 %"},{"key":"Salz","value":"0,1 g | 2 %"},{"key":"","value":"Unzubereitet"},{"key":" ","value":"Portion (180 g)"},{"key":"Energie","value":"722 kJ | 171 kcal"},{"key":"Fett","value":"4,7 g"},{"key":"Fett, davon gesättigte Fettsäuren","value":"2,7 g"},{"key":"Kohlenhydrate","value":"24,7 g"},{"key":"Kohlenhydrate, davon Zucker","value":"23,9 g"},{"key":"Eiweiß","value":"6,8 g"},{"key":"Salz","value":"0,18 g"}],"tags":[]},
    {"url":"https://www.interspar.at/shop/lebensmittel/p/178235","data":[{"key":"price","value":"0,59 €"},{"key":"oldPrice","value":"\n\t\t\t\t\t\n\t\t\t\t\t \n\t\t\t\t"},{"key":"pricePerUnit","value":"(3.28 €/kg)"},{"key":"productDetailsName","value":"NÖM Mix - Fruchtjoghurt Ananas - 180 G"},{"key":"detailsDescription","value":"180 G"},{"key":"articleNumber","value":"Artikelnummer: 178235"},{"key":"Lagerhinweis:","value":["Gekühlt (+ 3-9 °C) lagern."]},{"key":"Zutaten:","value":["Zutaten: JOGHURT aus gentechnikfreier Milch*, 10% Ananas, Zucker, Maisstärke, Stabilisator: Pektine, Zitronensaftkonzentrat, natürliches Aroma. *laut Definition des Österreichischen Lebensmittelcodex für gentechnikfreie Produktion; Kontrolle durch agroVet GmbH. In Großbuchstaben angegebene Zutaten enthalten allergene Inhaltsstoffe."]},{"key":"Allergene:","value":["Enthält:Milch und daraus gewonnene Erzeugnisse (inkl. Laktose)"]},{"key":"Identitätskennzeichen:","value":["AT 30960 EG"]},{"key":"Kontakt:","value":["NÖM AG","Vöslauer Straße 109, 2500 Baden, Österreich","0800 800 500"]}],"nutritions":[{"key":"","value":"Unzubereitet"},{"key":" ","value":"100 g"},{"key":"Energie","value":"418 kJ | 99 kcal | 5 %"},{"key":"Fett","value":"2,5 g | 4 %"},{"key":"Fett, davon gesättigte Fettsäuren","value":"1,5 g | 8 %"},{"key":"Kohlenhydrate","value":"14,8 g | 6 %"},{"key":"Kohlenhydrate, davon Zucker","value":"14,4 g | 16 %"},{"key":"Eiweiß","value":"3,7 g | 7 %"},{"key":"Salz","value":"0,1 g | 2 %"},{"key":"","value":"Unzubereitet"},{"key":" ","value":"Portion (180 g)"},{"key":"Energie","value":"752 kJ | 178 kcal"},{"key":"Fett","value":"4,5 g"},{"key":"Fett, davon gesättigte Fettsäuren","value":"2,7 g"},{"key":"Kohlenhydrate","value":"26,6 g"},{"key":"Kohlenhydrate, davon Zucker","value":"25,9 g"},{"key":"Eiweiß","value":"6,7 g"},{"key":"Salz","value":"0,18 g"}],"tags":[]},
    {"url":"https://www.interspar.at/shop/lebensmittel/p/2020002053185","data":[{"key":"price","value":"0,59 €"},{"key":"oldPrice","value":"\n\t\t\t\t\t\n\t\t\t\t\t \n\t\t\t\t"},{"key":"pricePerUnit","value":"(3.28 €/kg)"},{"key":"productDetailsName","value":"NÖM Mix - Zwetschke Zimt Limited Edition - 180 G"},{"key":"detailsDescription","value":"180 G"},{"key":"articleNumber","value":"Artikelnummer: 2020002053185"},{"key":"Lagerhinweis:","value":["gekühlt (3-9°C) lagern."]},{"key":"Zutaten:","value":["Zutaten: JOGHURT**, Zucker, 8% Zwetschken, 2% Zwetschkenmark, Zitronensaftkonzentrat, Stärke, Stabilisator: Pektine, färbendes Karottenkonzentrat, Zimt, natürliches Aroma. **aus gentechnikfreier Milch laut Definition des Österreichischen Lebensmittelcodex für gentechnikfreie Produktion; Kontrolle durch agroVet GmbH. In Großbuchstaben angegebene Zutaten enthalten allergene Inhaltstoffe."]},{"key":"Allergene:","value":["Enthält:Milch und daraus gewonnene Erzeugnisse (inkl. Laktose)"]},{"key":"Identitätskennzeichen:","value":["AT 30960 EG"]},{"key":"Kontakt:","value":["NÖM AG","Vöslauer Straße 109, 2500 Baden, Österreich","0800 800 500","www.noem.at"]}],"nutritions":[{"key":"","value":"Unzubereitet"},{"key":" ","value":"100 g"},{"key":"Energie","value":"385 kJ | 91 kcal | 5 %"},{"key":"Fett","value":"2,6 g | 4 %"},{"key":"Fett, davon gesättigte Fettsäuren","value":"1,5 g | 8 %"},{"key":"Kohlenhydrate","value":"12,6 g | 5 %"},{"key":"Kohlenhydrate, davon Zucker","value":"12 g | 13 %"},{"key":"Eiweiß","value":"3,8 g | 8 %"},{"key":"Salz","value":"0,1 g | 2 %"},{"key":"","value":"Unzubereitet"},{"key":" ","value":"Portion (180 g)"},{"key":"Energie","value":"693 kJ | 164 kcal"},{"key":"Fett","value":"4,7 g"},{"key":"Fett, davon gesättigte Fettsäuren","value":"2,7 g"},{"key":"Kohlenhydrate","value":"22,7 g"},{"key":"Kohlenhydrate, davon Zucker","value":"21,6 g"},{"key":"Eiweiß","value":"6,8 g"},{"key":"Salz","value":"0,18 g"}],"tags":[]},
    {"url":"https://www.interspar.at/shop/lebensmittel/p/3380659","data":[{"key":"price","value":"0,59 €"},{"key":"oldPrice","value":"\n\t\t\t\t\t\n\t\t\t\t\t \n\t\t\t\t"},{"key":"pricePerUnit","value":"(3.28 €/kg)"},{"key":"productDetailsName","value":"NÖM Mix - Fruchtjoghurt Waldbeere - 180 G"},{"key":"detailsDescription","value":"180 G"},{"key":"articleNumber","value":"Artikelnummer: 3380659"},{"key":"Lagerhinweis:","value":["Gekühlt (+ 3-9 °C) lagern."]},{"key":"Zutaten:","value":["Zutaten: JOGHURT*, 10% Früchte (Erdbeeren, Brombeeren, Himbeeren, Heidelbeeren), Zucker, Maisstärke, Stabilisator: Pektine, Zitronensaftkonzentrat, natürliches Aroma. *aus gentechnikfreier Milch laut Definition des Österreichischen Lebensmittelcodex für gentechnikfreie Produktion; Kontrolle durch agroVet GmbH. In Großbuchstaben angegebene Zutaten enthalten allergene Inhaltsstoffe."]},{"key":"Allergene:","value":["Enthält:Milch und daraus gewonnene Erzeugnisse (inkl. Laktose)"]},{"key":"Identitätskennzeichen:","value":["AT 30960 EG"]},{"key":"Kontakt:","value":["NÖM AG","Vöslauer Straße 109, 2500 Baden, Österreich","0800 800 500"]}],"nutritions":[{"key":"","value":"Unzubereitet"},{"key":" ","value":"100 g"},{"key":"Energie","value":"409 kJ | 97 kcal | 5 %"},{"key":"Fett","value":"2,5 g | 4 %"},{"key":"Fett, davon gesättigte Fettsäuren","value":"1,5 g | 8 %"},{"key":"Kohlenhydrate","value":"14,2 g | 6 %"},{"key":"Kohlenhydrate, davon Zucker","value":"13,7 g | 15 %"},{"key":"Eiweiß","value":"3,8 g | 8 %"},{"key":"Salz","value":"0,1 g | 2 %"},{"key":"","value":"Unzubereitet"},{"key":" ","value":"Portion (180 g)"},{"key":"Energie","value":"736 kJ | 175 kcal"},{"key":"Fett","value":"4,5 g"},{"key":"Fett, davon gesättigte Fettsäuren","value":"2,7 g"},{"key":"Kohlenhydrate","value":"25,6 g"},{"key":"Kohlenhydrate, davon Zucker","value":"24,7 g"},{"key":"Eiweiß","value":"6,8 g"},{"key":"Salz","value":"0,18 g"}],"tags":[]},
    {"url":"https://www.interspar.at/shop/lebensmittel/p/3883785","data":[{"key":"price","value":"0,99 €"},{"key":"oldPrice","value":"\n\t\t\t\t\t\n\t\t\t\t\t \n\t\t\t\t"},{"key":"pricePerUnit","value":"(5.50 €/kg)"},{"key":"productDetailsName","value":"Hoflieferanten - Jogurt Erdbeere - 180 G"},{"key":"detailsDescription","value":"180 G"},{"key":"articleNumber","value":"Artikelnummer: 3883785"},{"key":"Lagerhinweis:","value":["Gekühlt (+3°C bis +6°C) lagern."]},{"key":"Zutaten:","value":["Zutaten: Fruchtjogurt aus MILCH mit natürlichem Fettgehalt, mindestens 4% Fett, 10% Erdbeeren, Zucker (österreichischer Rübenzucker), Zitronensaft, Aroniasaft, Stabilisator: Pektin. In Großbuchstaben angegebene Zutaten enthalten allergene Inhaltsstoffe."]},{"key":"Allergene:","value":["Enthält:Milch und daraus gewonnene Erzeugnisse (inkl. Laktose)"]},{"key":"Identitätskennzeichen:","value":["AT 30258 EG"]},{"key":"Zusatztext:","value":["Familie Strohmaier"]},{"key":"Kontakt:","value":["Wilhelmsburger Hoflieferanten","Pömmern 4, 3150 Wilhelmsburg, Österreich"]}],"nutritions":[],"tags":[]},
    {"url":"https://www.interspar.at/shop/lebensmittel/p/3883884","data":[{"key":"price","value":"0,89 €"},{"key":"oldPrice","value":"\n\t\t\t\t\t\n\t\t\t\t\t \n\t\t\t\t"},{"key":"pricePerUnit","value":"(4.94 €/kg)"},{"key":"productDetailsName","value":"Hoflieferanten - Naturjogurt - 180 G"},{"key":"detailsDescription","value":"180 G"},{"key":"articleNumber","value":"Artikelnummer: 3883884"},{"key":"Lagerhinweis:","value":["Gekühlt (+3°C bis +6°C) lagern."]},{"key":"Zutaten:","value":["Zutaten: Jogurt aus MILCH mit natürlichem Fettgehalt, mindestens 4% Fett. In Großbuchstaben angegebene Zutaten enthalten allergene Inhaltsstoffe."]},{"key":"Allergene:","value":["Enthält:Milch und daraus gewonnene Erzeugnisse (inkl. Laktose)"]},{"key":"Identitätskennzeichen:","value":["AT 30258 EG"]},{"key":"Zusatztext:","value":["Familie Bertl"]},{"key":"Kontakt:","value":["Wilhelmsburger Hoflieferanten","Pömmern 4, 3150 Wilhelmsburg, Österreich"]}],"nutritions":[],"tags":[]},
    {"url":"https://www.interspar.at/shop/lebensmittel/p/3883969","data":[{"key":"price","value":"0,99 €"},{"key":"oldPrice","value":"\n\t\t\t\t\t\n\t\t\t\t\t \n\t\t\t\t"},{"key":"pricePerUnit","value":"(5.50 €/kg)"},{"key":"productDetailsName","value":"Hoflieferanten - Joghurt Wachauer Marille - 180 G"},{"key":"detailsDescription","value":"180 G"},{"key":"articleNumber","value":"Artikelnummer: 3883969"},{"key":"Lagerhinweis:","value":["Gekühlt bei (+3 bis +6°C) lagern."]},{"key":"Zutaten:","value":["Zutaten: Fruchtjoghurt aus MILCH mit natürlichem Fettgehalt mind. 4% Fett, 10% Marillen (Familie Reisinger, NÖ), Zucker (Österreichischer Rübenzucker), Stabilisator: Zitronensaft, Pektin. In Großbuchstaben angegebene Zutaten enthalten allergene Inhaltsstoffe."]},{"key":"Allergene:","value":["Enthält:Milch und daraus gewonnene Erzeugnisse (inkl. Laktose)"]},{"key":"Identitätskennzeichen:","value":["AT 30258 EG"]},{"key":"Kontakt:","value":["Wilhelmsburger Hoflieferanten","Pömmern 4, 3150 Wilhelmsburg, Österreich"]}],"nutritions":[],"tags":[]},
    {"url":"https://www.interspar.at/shop/lebensmittel/p/6359263","data":[{"key":"price","value":"0,99 €"},{"key":"oldPrice","value":"\n\t\t\t\t\t\n\t\t\t\t\t \n\t\t\t\t"},{"key":"pricePerUnit","value":"(5.50 €/kg)"},{"key":"productDetailsName","value":"Hoflieferanten - Jogurt Dirndl - 180 G"},{"key":"detailsDescription","value":"180 G"},{"key":"articleNumber","value":"Artikelnummer: 6359263"},{"key":"Lagerhinweis:","value":["Gekühlt bei (+3 bis +6°C) lagern."]},{"key":"Zutaten:","value":["Zutaten: Fruchtjoghurt aus MILCH mit natürlichem Fettgehalt mind. 4% Fett, 10% Dirndl (Familie Frank, NÖ), Zucker (Österreichischer Rübenzucker), Stabilisator: Zitronensaft, Pektin, Farbstoff: Aroniasaft. In Großbuchstaben angegebene Zutaten enthalten allergene Inhaltsstoffe."]},{"key":"Allergene:","value":["Enthält:Milch und daraus gewonnene Erzeugnisse (inkl. Laktose)"]},{"key":"Identitätskennzeichen:","value":["AT 30258 EG"]},{"key":"Kontakt:","value":["Wilhelmsburger Hoflieferanten","Pömmern 4, 3150 Wilhelmsburg, Österreich"]}],"nutritions":[],"tags":[]},
    {"url":"https://www.interspar.at/shop/lebensmittel/p/6495299","data":[{"key":"price","value":"0,59 €"},{"key":"oldPrice","value":"\n\t\t\t\t\t\n\t\t\t\t\t \n\t\t\t\t"},{"key":"pricePerUnit","value":"(3.28 €/kg)"},{"key":"productDetailsName","value":"NÖM Mix - Fruchtjoghurt Fruchtcocktail - 180 G"},{"key":"detailsDescription","value":"180 G"},{"key":"articleNumber","value":"Artikelnummer: 6495299"},{"key":"Lagerhinweis:","value":["Gekühlt (+ 3-9 °C) lagern."]},{"key":"Zutaten:","value":["Zutaten: JOGHURT*, Zucker, 5,2% Früchte (Ananas, Kirschen, Erdbeeren), 4,5% Orangensaft aus Konzentrat, 0,3% Rosinen, Maisstärke, Stabilisator: Pektine, Zitronensaftkonzentrat, natürliches Aroma, 0,1% Jamaica Rum. 0,08 Vol.% Alkohol. * aus gentechnikfreier Milch laut Definition des Österreichischen Lebensmittelcodex für gentechnikfreie Produktion; Kontrolle durch agroVet GmbH. In Großbuchstaben angegebene Zutaten enthalten allergene Inhaltsstoffe."]},{"key":"Allergene:","value":["Enthält:Milch und daraus gewonnene Erzeugnisse (inkl. Laktose)"]},{"key":"Identitätskennzeichen:","value":["AT 30960 EG"]},{"key":"Kontakt:","value":["NÖM AG","Vöslauer Straße 109, 2500 Baden, Österreich","0800 800 500"]}],"nutritions":[{"key":"","value":"Unzubereitet"},{"key":" ","value":"100 g"},{"key":"Energie","value":"419 kJ | 99 kcal | 5 %"},{"key":"Fett","value":"2,6 g | 4 %"},{"key":"Fett, davon gesättigte Fettsäuren","value":"1,6 g | 8 %"},{"key":"Kohlenhydrate","value":"14,5 g | 6 %"},{"key":"Kohlenhydrate, davon Zucker","value":"14,2 g | 16 %"},{"key":"Eiweiß","value":"3,9 g | 8 %"},{"key":"Salz","value":"0,1 g | 2 %"},{"key":"","value":"Unzubereitet"},{"key":" ","value":"Portion (180 g)"},{"key":"Energie","value":"754 kJ | 178 kcal"},{"key":"Fett","value":"4,7 g"},{"key":"Fett, davon gesättigte Fettsäuren","value":"2,9 g"},{"key":"Kohlenhydrate","value":"26,1 g"},{"key":"Kohlenhydrate, davon Zucker","value":"25,6 g"},{"key":"Eiweiß","value":"7 g"},{"key":"Salz","value":"0,18 g"}],"tags":[]},
    {"url":"https://www.interspar.at/shop/lebensmittel/p/6933395","data":[{"key":"price","value":"0,59 €"},{"key":"oldPrice","value":"\n\t\t\t\t\t\n\t\t\t\t\t \n\t\t\t\t"},{"key":"pricePerUnit","value":"(3.28 €/kg)"},{"key":"productDetailsName","value":"NÖM Mix - Fruchtjoghurt Marille - 180 G"},{"key":"detailsDescription","value":"180 G"},{"key":"articleNumber","value":"Artikelnummer: 6933395"},{"key":"Lagerhinweis:","value":["Gekühlt (+ 3-9 °C) lagern."]},{"key":"Zutaten:","value":["Zutaten: JOGHURT*, 10% Marillen und Marillenmark, Zucker, Maisstärke, Stabilisator: Pektin, Zitronensaftkonzentrat, natürliches Aroma. *aus gentechnikfreier Milch laut Definition des Österreichischen Lebensmittelcodex für gentechnikfreie Produktion; Kontrolle durch agroVet GmbH. In Großbuchstaben angegebene Zutaten enthalten allergene Inhaltsstoffe."]},{"key":"Allergene:","value":["Enthält:Milch und daraus gewonnene Erzeugnisse (inkl. Laktose)"]},{"key":"Identitätskennzeichen:","value":["AT 30960 EG"]},{"key":"Kontakt:","value":["NÖM AG","Vöslauer Straße 109, 2500 Baden, Österreich","0800 800 500"]}],"nutritions":[{"key":"","value":"Unzubereitet"},{"key":" ","value":"100 g"},{"key":"Energie","value":"409 kJ | 97 kcal | 5 %"},{"key":"Fett","value":"2,5 g | 4 %"},{"key":"Fett, davon gesättigte Fettsäuren","value":"1,5 g | 8 %"},{"key":"Kohlenhydrate","value":"14,2 g | 6 %"},{"key":"Kohlenhydrate, davon Zucker","value":"13,7 g | 15 %"},{"key":"Eiweiß","value":"3,8 g | 8 %"},{"key":"Salz","value":"0,1 g | 2 %"},{"key":"","value":"Unzubereitet"},{"key":" ","value":"Portion (180 g)"},{"key":"Energie","value":"736 kJ | 175 kcal"},{"key":"Fett","value":"4,5 g"},{"key":"Fett, davon gesättigte Fettsäuren","value":"2,7 g"},{"key":"Kohlenhydrate","value":"25,6 g"},{"key":"Kohlenhydrate, davon Zucker","value":"24,7 g"},{"key":"Eiweiß","value":"6,8 g"},{"key":"Salz","value":"0,18 g"}],"tags":[]},
    {"url":"https://www.interspar.at/shop/lebensmittel/p/8203236","data":[{"key":"price","value":"1,39 €"},{"key":"oldPrice","value":"\n\t\t\t\t\t\n\t\t\t\t\t \n\t\t\t\t"},{"key":"pricePerUnit","value":"(6.95 €/kg)"},{"key":"productDetailsName","value":"Schärdinger - Knusper Traum Apfel Banane - 200 G"},{"key":"detailsDescription","value":"200 G"},{"key":"articleNumber","value":"Artikelnummer: 8203236"},{"key":"Lagerhinweis:","value":["Gekühlt bei max.+6°C lagern."]},{"key":"Zutaten:","value":["Zutaten: JOGHURT, 10% Müslimischung (HAFERFLOCKEN, Apfelstücke, MANDELSTÜCKE, PUFFDINKEL, Zucker, Polydextrose, Kokosflocken, ungehärtetes Palmfett, Honig, DINKELMEHL, GERSTENMALZEXTRAKT), 7,9% Apfel, Zucker, 2,9% Bananenpüree, modifizierte Stärke, Stabilisator: Carrageen, Säureregulatoren: Citronensäure, Natriumcitrat. In Großbuchstaben angegebene Zutaten enthalten allergene Inhaltstoffe."]},{"key":"Allergene:","value":["Enthält:Glutenhaltiges Getreide und daraus hergestellte Erzeugnisse, Milch und daraus gewonnene Erzeugnisse (inkl. Laktose), Schalenfrüchte und daraus gewonnene Erzeugnisse"]},{"key":"Identitätskennzeichen:","value":["AT 70149 EG"]},{"key":"Kontakt:","value":["Berglandmilch eGen","Schubertstraße 30, 4600 Wels, Österreich"]}],"nutritions":[{"key":"","value":"Unzubereitet"},{"key":" ","value":"100 g"},{"key":"Energie","value":"530 kJ | 126 kcal"},{"key":"Fett","value":"4,4 g"},{"key":"Fett, davon gesättigte Fettsäuren","value":"2,2 g"},{"key":"Kohlenhydrate","value":"17 g"},{"key":"Kohlenhydrate, davon Zucker","value":"13 g"},{"key":"Eiweiß","value":"4 g"},{"key":"Salz","value":"0,08 g"}],"tags":[]},
    {"url":"https://www.interspar.at/shop/lebensmittel/p/2020000441960","data":[{"key":"price","value":"1,99 €"},{"key":"oldPrice","value":"\n\t\t\t\t\t\n\t\t\t\t\t \n\t\t\t\t"},{"key":"pricePerUnit","value":"(1.99 €/kg)"},{"key":"productDetailsName","value":"SPAR - Cremiges Natur Jogurt - 1 KG"},{"key":"detailsDescription","value":"1 KG"},{"key":"articleNumber","value":"Artikelnummer: 2020000441960"},{"key":"Lagerhinweis:","value":["Vor und nach dem Öffnen gekühlt lagern und nach dem Öffnen alsbald verbrauchen."]},{"key":"Allergene:","value":["Enthält:Milch und daraus gewonnene Erzeugnisse (inkl. Laktose)"]},{"key":"Identitätskennzeichen:","value":["AT 40443 EG"]},{"key":"Ursprungsland/Herkunftsort:","value":["Qualität aus Oberösterreich"]},{"key":"Kontakt:","value":["SPAR Österr. Warenhandels-AG","Europastraße 3, 5015 Salzburg, Österreich"]}],"nutritions":[{"key":"","value":"Unzubereitet"},{"key":" ","value":"100 g"},{"key":"Energie","value":"285 kJ | 68 kcal"},{"key":"Fett","value":"3,6 g"},{"key":"Fett, davon gesättigte Fettsäuren","value":"2,2 g"},{"key":"Kohlenhydrate","value":"5 g"},{"key":"Kohlenhydrate, davon Zucker","value":"5 g"},{"key":"Ballaststoffe","value":"0 g"},{"key":"Eiweiß","value":"3,9 g"},{"key":"Salz","value":"0,1 g"},{"key":"Broteinheiten","value":"0,4 BE"}],"tags":[]},
    {"url":"https://www.interspar.at/shop/lebensmittel/p/2020001196876","data":[{"key":"price","value":"0,45 €"},{"key":"oldPrice","value":"\n\t\t\t\t\t\n\t\t\t\t\t \n\t\t\t\t"},{"key":"pricePerUnit","value":"(1.80 €/kg)"},{"key":"productDetailsName","value":"SPAR - Heumilch Naturjogurt 3,6% Fett - 250 G"},{"key":"detailsDescription","value":"250 G"},{"key":"articleNumber","value":"Artikelnummer: 2020001196876"},{"key":"Lagerhinweis:","value":["Vor und nach dem Öffnen bei 3-6°C lagern. Nach dem Öffnen alsbald verbrauchen."]},{"key":"Allergene:","value":["Enthält:Milch und daraus gewonnene Erzeugnisse (inkl. Laktose)"]},{"key":"Identitätskennzeichen:","value":["AT 70149 EG"]},{"key":"Ursprungsland/Herkunftsort:","value":["Qualität aus Österreich"]},{"key":"Kontakt:","value":["SPAR Österr. Warenhandels AG","Europastrasse 3, 5015 Salzburg, Österreich","office@spar.at"]}],"nutritions":[{"key":"","value":"Unzubereitet"},{"key":" ","value":"100 g"},{"key":"Energie","value":"285 kJ | 68 kcal"},{"key":"Fett","value":"3,6 g"},{"key":"Fett, davon gesättigte Fettsäuren","value":"2,3 g"},{"key":"Kohlenhydrate","value":"4,9 g"},{"key":"Kohlenhydrate, davon Zucker","value":"4,9 g"},{"key":"Ballaststoffe","value":"0 g"},{"key":"Eiweiß","value":"3,6 g"},{"key":"Salz","value":"0,13 g"},{"key":"Broteinheiten","value":"0,4 BE"}],"tags":[]},
    {"url":"https://www.interspar.at/shop/lebensmittel/p/6492656","data":[{"key":"price","value":"2,99 €"},{"key":"oldPrice","value":"\n\t\t\t\t\t\n\t\t\t\t\t \n\t\t\t\t"},{"key":"pricePerUnit","value":"(0.50 €/Stück)"},{"key":"productDetailsName","value":"SPAR PREMIUM - Eier vom Wanderhuhn aus Freilandhaltung 330g - 6 STK"},{"key":"detailsDescription","value":"6 STK"},{"key":"articleNumber","value":"Artikelnummer: 6492656"},{"key":"Lagerhinweis:","value":["Bei Kühlschranktemperatur aufbewahren."]},{"key":"Zutaten:","value":["Zutaten: HÜHNEREIER. In Großbuchstaben angegebene Zutaten enthalten allergene Inhaltsstoffe."]},{"key":"Allergene:","value":["Enthält:Eier und daraus gewonnene Erzeugnisse"]},{"key":"Identitätskennzeichen:","value":["PN: AT 41962 EG"]},{"key":"Zusatztext:","value":["- Mindestgewicht 330g- Eier verschiedener GrößeDas steht auf dem Ei: Haltungsform - Erzeugerland - LegebetriebHaltungsform: 0 = Biologische Landwirtschaft1 = Freilandhaltung2 = Bodenhaltung3 = KäfighaltungErzeugerland:AT = ÖsterreichLegebetrieb:Registrierte Nummer des LegebetriebsHinweis: Packstellennummer kann abweichen."]},{"key":"Ursprungsland/Herkunftsort:","value":["Aus Österreich"]},{"key":"Verwendungshinweis:","value":["Nach Ablauf des Mindesthaltbarkeitsdatums durcherhitzen. Bitte beachten Sie die Regeln der guten Küchenhygiene (siehe Innenseite der Verpackung)."]},{"key":"Kontakt:","value":["SPAR Österr. Warenhandels-AG","Europastraße 3, 5015 Salzburg, Österreich"]}],"nutritions":[],"tags":["Gekühlt"]},
    {"url":"https://www.interspar.at/shop/lebensmittel/p/2020000551232","data":[{"key":"price","value":"0,65 €"},{"key":"oldPrice","value":"\n\t\t\t\t\t\n\t\t\t\t\t \n\t\t\t\t"},{"key":"pricePerUnit","value":"(4.33 €/kg)"},{"key":"productDetailsName","value":"Landliebe - Joghurt Himbeere - 150 G"},{"key":"detailsDescription","value":"150 G"},{"key":"articleNumber","value":"Artikelnummer: 2020000551232"},{"key":"Lagerhinweis:","value":["Bei +8 °C lagern."]},{"key":"Zutaten:","value":["Zutaten: JOGHURT, Zucker, Himbeeren*, Himbeersaft* aus Himbeersaftkonzentrat, modifizierte Stärke, färbende Pflanzenkonzentrate (Rote Bete, Karotte), Säureregulator: Natriumcitrate, Verdickungsmittel: Pektine, natürliches Aroma, Zitronensaftkonzentrat. *Frucht im Endprodukt: 10%. In Großbuchstaben angegebene Zutaten enthalten allergene Inhaltstoffe."]},{"key":"Allergene:","value":["Enthält:Milch und daraus gewonnene Erzeugnisse (inkl. Laktose)"]},{"key":"Identitätskennzeichen:","value":["DE BW 033 EG"]},{"key":"Kontakt:","value":["Landliebe Molkereiprodukte GmbH","Wimpfener Straße 125, 74078 Heilbronn, Deutschland"]}],"nutritions":[{"key":"","value":"Unzubereitet"},{"key":" ","value":"100 g"},{"key":"Energie","value":"415 kJ | 99 kcal"},{"key":"Fett","value":"3,1 g"},{"key":"Fett, davon gesättigte Fettsäuren","value":"2,1 g"},{"key":"Kohlenhydrate","value":"14 g"},{"key":"Kohlenhydrate, davon Zucker","value":"13 g"},{"key":"Eiweiß","value":"3,5 g"},{"key":"Salz","value":"0,18 g"}],"tags":[]},
    {"url":"https://www.interspar.at/shop/lebensmittel/p/2020000551300","data":[{"key":"price","value":"0,65 €"},{"key":"oldPrice","value":"\n\t\t\t\t\t\n\t\t\t\t\t \n\t\t\t\t"},{"key":"pricePerUnit","value":"(4.33 €/kg)"},{"key":"productDetailsName","value":"Landliebe - Joghurt Heidelbeere - 150 G"},{"key":"detailsDescription","value":"150 G"},{"key":"articleNumber","value":"Artikelnummer: 2020000551300"},{"key":"Lagerhinweis:","value":["Bei +8 °C lagern."]},{"key":"Zutaten:","value":["Zutaten: JOGHURT, Heidelbeeren*, Zucker, modifizierte Stärke, natürliches Aroma, Verdickungsmittel: Pektine, Säureregulator: Natriumcitrate. *Frucht im Endprodukt: 9%. In Großbuchstaben angegebene Zutaten enthalten allergene Inhaltstoffe."]},{"key":"Allergene:","value":["Enthält:Milch und daraus gewonnene Erzeugnisse (inkl. Laktose)"]},{"key":"Identitätskennzeichen:","value":["DE BW 033 EG"]},{"key":"Kontakt:","value":["Landliebe Molkereiprodukte GmbH","Wimpfener Straße 125, 74078 Heilbronn, Deutschland"]}],"nutritions":[{"key":"","value":"Unzubereitet"},{"key":" ","value":"100 g"},{"key":"Energie","value":"399 kJ | 95 kcal"},{"key":"Fett","value":"3,1 g"},{"key":"Fett, davon gesättigte Fettsäuren","value":"2,1 g"},{"key":"Kohlenhydrate","value":"13 g"},{"key":"Kohlenhydrate, davon Zucker","value":"13 g"},{"key":"Eiweiß","value":"3,5 g"},{"key":"Salz","value":"0,13 g"}],"tags":[]},
    {"url":"https://www.interspar.at/shop/lebensmittel/p/2020000969617","data":[{"key":"price","value":"0,39 €"},{"key":"oldPrice","value":"\n\t\t\t\t\t\n\t\t\t\t\tstatt 0,79 €\n\t\t\t\t"},{"key":"pricePerUnit","value":"(2.79 €/kg)"},{"key":"productDetailsName","value":"Müller - Joghurt mit der Ecke Tokyo - 140 G"},{"key":"detailsDescription","value":"140 G"},{"key":"articleNumber","value":"Artikelnummer: 2020000969617"},{"key":"Lagerhinweis:","value":["Bei max. +8°C lagern."]},{"key":"Zutaten:","value":["Zutaten: JOGHURT, Fruchtzubereitung (Kirschen*, Glucose-Fructose-Sirup, Zucker, Kirschsaft* aus Kirschsaftkonzentrat, Verdickungsmittel: Johannisbrotkernmehl, Guarkernmehl, Pektine; Säuerungsmittel: Citronensäure; Säureregulator: Calciumcitrate; Aroma), Zucker, MILCHEIWEISS, MANDELMARK, Karamellzuckersirup, Aroma. *11,8% Fruchtgehalt im Endprodukt. In Großbuchstaben angegebene Zutaten enthalten allergene Inhaltstoffe."]},{"key":"Allergene:","value":["Kann Spuren enthalten von:Erdnüsse und daraus gewonnene Erzeugnisse, Schalenfrüchte und daraus gewonnene Erzeugnisse","Enthält:Milch und daraus gewonnene Erzeugnisse (inkl. Laktose), Schalenfrüchte und daraus gewonnene Erzeugnisse"]},{"key":"Identitätskennzeichen:","value":["DE SN 016 EG"]},{"key":"Kontakt:","value":["Molkerei Alois Müller GmbH & Co. KG","Zollerstraße 7, 86850 Fischach-Aretsried, Deutschland"]}],"nutritions":[{"key":"","value":"Unzubereitet"},{"key":" ","value":"100 g"},{"key":"Energie","value":"452 kJ | 107 kcal"},{"key":"Fett","value":"2,7 g"},{"key":"Fett, davon gesättigte Fettsäuren","value":"1,7 g"},{"key":"Kohlenhydrate","value":"16,6 g"},{"key":"Kohlenhydrate, davon Zucker","value":"15,9 g"},{"key":"Eiweiß","value":"3,1 g"},{"key":"Salz","value":"0,12 g"}],"tags":[]},
    {"url":"https://www.interspar.at/shop/lebensmittel/p/2020001329670","data":[{"key":"price","value":"0,39 €"},{"key":"oldPrice","value":"\n\t\t\t\t\t\n\t\t\t\t\tstatt 0,79 €\n\t\t\t\t"},{"key":"pricePerUnit","value":"(2.60 €/kg)"},{"key":"productDetailsName","value":"Müller Ecke des Monats - Joghurt mit der Ecke Rudis Weihnacht - 150 G"},{"key":"detailsDescription","value":"150 G"},{"key":"articleNumber","value":"Artikelnummer: 2020001329670"},{"key":"Lagerhinweis:","value":["Bei +8°C mindestens lagern."]},{"key":"Zutaten:","value":["Zutaten: JOGHURT, schokolierte, aromatisierte Cerealien (Zucker, WEIZENMEHL, Kakaobutter, VOLLMILCHPULVER, Kakaomasse, WEIZENVOLLKORNMEHL, WEIZENMALZMEHL, MILCHZUCKER, GERSTENMALZEXTRAKT, Glukose, SÜSSMOLKENPULVER, Speisesalz, Dextrine, Emulgator SOJALECITHINE, Überzugsmittel Gummi arabicum, Aroma), Zucker, Wasser, Glukose-Fruktose-Sirup, MACADAMIAMARK, Karamellzuckersirup, Aroma. KANN SPUREN VON ERDNÜSSEN UND ANDEREN NÜSSEN/SCHALENFRÜCHTEN ENTHALTEN. In Großbuchstaben angegebene Zutaten enthalten allergene Inhaltstoffe."]},{"key":"Allergene:","value":["Kann Spuren enthalten von:Erdnüsse und daraus gewonnene Erzeugnisse, Schalenfrüchte und daraus gewonnene Erzeugnisse","Enthält:Glutenhaltiges Getreide und daraus hergestellte Erzeugnisse, Milch und daraus gewonnene Erzeugnisse (inkl. Laktose), Sojabohnen und daraus gewonnene Erzeugnisse"]},{"key":"Identitätskennzeichen:","value":["DE SN 016 EG"]},{"key":"Kontakt:","value":["Molkerei Alois Müller GmbH & Co. KG","Zollerstraße 7, 86850 Fischach-Aretsried, Deutschland"]}],"nutritions":[{"key":"","value":"Unzubereitet"},{"key":" ","value":"100 g"},{"key":"Energie","value":"614 kJ | 146 kcal"},{"key":"Fett","value":"4,7 g"},{"key":"Fett, davon gesättigte Fettsäuren","value":"3 g"},{"key":"Kohlenhydrate","value":"21,2 g"},{"key":"Kohlenhydrate, davon Zucker","value":"18,7 g"},{"key":"Eiweiß","value":"3,8 g"},{"key":"Salz","value":"0,18 g"}],"tags":[]},
    {"url":"https://www.interspar.at/shop/lebensmittel/p/2020001329755","data":[{"key":"price","value":"0,39 €"},{"key":"oldPrice","value":"\n\t\t\t\t\t\n\t\t\t\t\tstatt 0,79 €\n\t\t\t\t"},{"key":"pricePerUnit","value":"(2.60 €/kg)"},{"key":"productDetailsName","value":"Müller Ecke des Monats - Joghurt mit der Ecke Rudis Lebkuchenmann - 150 G"},{"key":"detailsDescription","value":"150 G"},{"key":"articleNumber","value":"Artikelnummer: 2020001329755"},{"key":"Lagerhinweis:","value":["Bei +8°C mindestens lagern."]},{"key":"Zutaten:","value":["Zutaten: JOGHURT, schokolierte Waffelstückchen (Zucker, WEIZENMEHL, VOLLMILCHPULVER, Kakaobutter, Kakaomasse, SÜßMOLKENPULVER, Emulgator Lecithine (SOJA), pflanzliche Fette (Palm, Kokos), MILCHZUCKER, Karamellzuckersirup, Speisesalz, Aroma), Zucker, Wasser, Glukose-Fruktose-Sirup, Karamellzuckersirup, Aroma (enthält MILCH).  KANN SPUREN VON ERDNÜSSEN UND NÜSSEN / SCHALENFRÜCHTEN ENTHALTEN. In Großbuchstaben angegebene Zutaten enthalten allergene Inhaltstoffe."]},{"key":"Allergene:","value":["Kann Spuren enthalten von:Erdnüsse und daraus gewonnene Erzeugnisse, Schalenfrüchte und daraus gewonnene Erzeugnisse","Enthält:Glutenhaltiges Getreide und daraus hergestellte Erzeugnisse, Milch und daraus gewonnene Erzeugnisse (inkl. Laktose), Sojabohnen und daraus gewonnene Erzeugnisse"]},{"key":"Identitätskennzeichen:","value":["DE SN 016 EG"]},{"key":"Kontakt:","value":["Molkerei Alois Müller GmbH & Co. KG","Zollerstraße 7, 86850 Fischach-Aretsried, Deutschland"]}],"nutritions":[{"key":"","value":"Unzubereitet"},{"key":" ","value":"100 g"},{"key":"Energie","value":"645 kJ | 153 kcal"},{"key":"Fett","value":"4,6 g"},{"key":"Fett, davon gesättigte Fettsäuren","value":"3 g"},{"key":"Kohlenhydrate","value":"21,1 g"},{"key":"Kohlenhydrate, davon Zucker","value":"18,9 g"},{"key":"Eiweiß","value":"3,8 g"},{"key":"Salz","value":"0,19 g"}],"tags":[]},
    {"url":"https://www.interspar.at/shop/lebensmittel/p/2020001692873","data":[{"key":"price","value":"0,99 €"},{"key":"oldPrice","value":"\n\t\t\t\t\t\n\t\t\t\t\t \n\t\t\t\t"},{"key":"pricePerUnit","value":"(8.25 €/kg)"},{"key":"productDetailsName","value":"Müller - Milka & cremiger Joghurt Schokodrops - 120 G"},{"key":"detailsDescription","value":"120 G"},{"key":"articleNumber","value":"Artikelnummer: 2020001692873"},{"key":"Lagerhinweis:","value":["Bei +8°C lagern."]},{"key":"Zutaten:","value":["Zutaten: Joghurt aus pasteurisierter MILCH, Milchschokolade mit Zuckerüberzug (Zucker, Kakaobutter, MAGERMILCHPULVER, Kakaomasse, SÜSSMOLKENPULVER, BUTTERREINFETT, HASELNÜSSE, Emulgator: Lecithine (SOJA), Farbstoffe: Titandioxid, Echtes Karmin, Patentblau V; Überzugsmittel: Bienenwachs, weiß und gelb, Candelillawachs, Carnaubawachs, Schellack; Aroma), Zucker, MILCHEIWEISS. In Großbuchstaben angegebene Zutaten enthalten allergene Inhaltstoffe."]},{"key":"Allergene:","value":["Kann Spuren enthalten von:Glutenhaltiges Getreide und daraus hergestellte Erzeugnisse, Schalenfrüchte und daraus gewonnene Erzeugnisse","Enthält:Milch und daraus gewonnene Erzeugnisse (inkl. Laktose), Schalenfrüchte und daraus gewonnene Erzeugnisse, Sojabohnen und daraus gewonnene Erzeugnisse"]},{"key":"Identitätskennzeichen:","value":["DE BY 718 EG"]},{"key":"Kontakt:","value":["Molkerei Alois Müller GmbH & Co. KG","Zollerstraße 7, 86850 Fischach-Aretsried, Deutschland"]}],"nutritions":[{"key":"","value":"Unzubereitet"},{"key":" ","value":"100 g"},{"key":"Energie","value":"734 kJ | 174 kcal"},{"key":"Fett","value":"5,8 g"},{"key":"Fett, davon gesättigte Fettsäuren","value":"3,7 g"},{"key":"Kohlenhydrate","value":"25,8 g"},{"key":"Kohlenhydrate, davon Zucker","value":"25,1 g"},{"key":"Eiweiß","value":"3,9 g"},{"key":"Salz","value":"0,17 g"}],"tags":[]},
    {"url":"https://www.interspar.at/shop/lebensmittel/p/2020001693191","data":[{"key":"price","value":"0,99 €"},{"key":"oldPrice","value":"\n\t\t\t\t\t\n\t\t\t\t\t \n\t\t\t\t"},{"key":"pricePerUnit","value":"(8.25 €/kg)"},{"key":"productDetailsName","value":"Müller - Daim & Joghurt à la Karamell - 120 G"},{"key":"detailsDescription","value":"120 G"},{"key":"articleNumber","value":"Artikelnummer: 2020001693191"},{"key":"Lagerhinweis:","value":["Bei +8°C lagern."]},{"key":"Zutaten:","value":["Zutaten: Joghurt aus pasteurisierter MILCH, 18% Milchschokoladedragées mit Mandelkaramellfüllung (Zucker, Palmöl, Kakaobutter, Kakaomasse, MANDELN (3%), SÜSSMOLKENPULVER, MAGERMILCHPULVER, BUTTERREINFETT, MOLKENERZEUGNIS, gezuckerte KONDENSMAGERMILCH, Speisesalz, Emulgator: Lecithine (SOJA), Überzugsmittel: Maltodextrin, Gummi arabicum; Aroma), Zucker, Wasser, MILCHEIWEISS, Karamellzuckersirup, Farbstoff: Carotin, Aroma. In Großbuchstaben angegebene Zutaten enthalten allergene Inhaltstoffe."]},{"key":"Allergene:","value":["Kann Spuren enthalten von:Glutenhaltiges Getreide und daraus hergestellte Erzeugnisse, Schalenfrüchte und daraus gewonnene Erzeugnisse","Enthält:Milch und daraus gewonnene Erzeugnisse (inkl. Laktose), Sojabohnen und daraus gewonnene Erzeugnisse"]},{"key":"Identitätskennzeichen:","value":["DE BY 718 EG"]},{"key":"Kontakt:","value":["Molkerei Alois Müller GmbH & Co. KG","Zollerstraße 7, 86850 Fischach-Aretsried, Deutschland"]}],"nutritions":[{"key":"","value":"Unzubereitet"},{"key":" ","value":"100 g"},{"key":"Energie","value":"764 kJ | 182 kcal"},{"key":"Fett","value":"7,9 g"},{"key":"Fett, davon gesättigte Fettsäuren","value":"4,5 g"},{"key":"Kohlenhydrate","value":"23,3 g"},{"key":"Kohlenhydrate, davon Zucker","value":"22,6 g"},{"key":"Eiweiß","value":"3,6 g"},{"key":"Salz","value":"0,28 g"}],"tags":[]},
    {"url":"https://www.interspar.at/shop/lebensmittel/p/2020001693283","data":[{"key":"price","value":"0,99 €"},{"key":"oldPrice","value":"\n\t\t\t\t\t\n\t\t\t\t\t \n\t\t\t\t"},{"key":"pricePerUnit","value":"(8.25 €/kg)"},{"key":"productDetailsName","value":"Müller - Oreo & cremiger Joghurt Oreo Keks-Stückchen - 120 G"},{"key":"detailsDescription","value":"120 G"},{"key":"articleNumber","value":"Artikelnummer: 2020001693283"},{"key":"Lagerhinweis:","value":["Bei +8°C lagern."]},{"key":"Zutaten:","value":["Zutaten: Joghurt aus pasteurisierter MILCH, Zucker, Kakao-Keks-Stückchen (WEIZENMEHL, Zucker, pflanzliche Fette (Palm, Palmkern), fettarmes Kakaopulver (6,6%), Glukose-Fruktose-Sirup, WEIZENSTÄRKE, Backtriebmittel: Kaliumhydrogencarbonat, Ammoniumhydrogencarbonat, Natriumhydrogencarbonat; Speisesalz, Emulgator: Lecithine (enthält SOJA), Aroma), Wasser, Aroma. In Großbuchstaben angegebene Zutaten enthalten allergene Inhaltstoffe."]},{"key":"Allergene:","value":["Kann Spuren enthalten von:Schalenfrüchte und daraus gewonnene Erzeugnisse","Enthält:Glutenhaltiges Getreide und daraus hergestellte Erzeugnisse, Milch und daraus gewonnene Erzeugnisse (inkl. Laktose), Sojabohnen und daraus gewonnene Erzeugnisse"]},{"key":"Identitätskennzeichen:","value":["DE BY 718 EG"]},{"key":"Kontakt:","value":["Molkerei Alois Müller GmbH & Co. KG","Zollerstraße 7, 86850 Fischach-Aretsried, Deutschland"]}],"nutritions":[{"key":"","value":"Unzubereitet"},{"key":" ","value":"100 g"},{"key":"Energie","value":"575 kJ | 136 kcal"},{"key":"Fett","value":"3,9 g"},{"key":"Fett, davon gesättigte Fettsäuren","value":"2,4 g"},{"key":"Kohlenhydrate","value":"20,3 g"},{"key":"Kohlenhydrate, davon Zucker","value":"16,1 g"},{"key":"Eiweiß","value":"4,1 g"},{"key":"Salz","value":"0,23 g"}],"tags":[]},
    {"url":"https://www.interspar.at/shop/lebensmittel/p/2020001693306","data":[{"key":"price","value":"0,99 €"},{"key":"oldPrice","value":"\n\t\t\t\t\t\n\t\t\t\t\t \n\t\t\t\t"},{"key":"pricePerUnit","value":"(8.25 €/kg)"},{"key":"productDetailsName","value":"Müller - Milka & Vanillajoghurt Schokotaler - 120 G"},{"key":"detailsDescription","value":"120 G"},{"key":"articleNumber","value":"Artikelnummer: 2020001693306"},{"key":"Lagerhinweis:","value":["Bei +8°C lagern."]},{"key":"Zutaten:","value":["Zutaten: Joghurt aus pasteurisierter MILCH, Milchschokolade (Zucker, Kakaobutter, MAGERMILCHPUVLER, Kakaomasse, SÜSSMOLKENPULVER, BUTTERREINFETT, HASELNÜSSE, Emulgator: Lecithine (SOJA), Aroma, Überzugsmittel: Schellack), Zucker, Wasser, MILCHEIWEISS, Farbstoff: Carotin, Aroma. In Großbuchstaben angegebene Zutaten enthalten allergene Inhaltstoffe."]},{"key":"Allergene:","value":["Kann Spuren enthalten von:Glutenhaltiges Getreide und daraus hergestellte Erzeugnisse","Enthält:Milch und daraus gewonnene Erzeugnisse (inkl. Laktose), Schalenfrüchte und daraus gewonnene Erzeugnisse, Sojabohnen und daraus gewonnene Erzeugnisse"]},{"key":"Identitätskennzeichen:","value":["DE BY 718 EG"]},{"key":"Kontakt:","value":["Molkerei Alois Müller GmbH & Co. KG","Zollerstraße 7, 86850 Fischach-Aretsried, Deutschland"]}],"nutritions":[{"key":"","value":"Unzubereitet"},{"key":" ","value":"100 g"},{"key":"Energie","value":"776 kJ | 185 kcal"},{"key":"Fett","value":"7,9 g"},{"key":"Fett, davon gesättigte Fettsäuren","value":"4,9 g"},{"key":"Kohlenhydrate","value":"23,4 g"},{"key":"Kohlenhydrate, davon Zucker","value":"22,8 g"},{"key":"Eiweiß","value":"4,3 g"},{"key":"Salz","value":"0,2 g"}],"tags":[]},
    {"url":"https://www.interspar.at/shop/lebensmittel/p/2020001760640","data":[{"key":"price","value":"1,39 €"},{"key":"oldPrice","value":"\n\t\t\t\t\t\n\t\t\t\t\t \n\t\t\t\t"},{"key":"pricePerUnit","value":"(6.47 €/kg)"},{"key":"productDetailsName","value":"Schärdinger - Früchtetraum Joghurt & Marille - 215 G"},{"key":"detailsDescription","value":"215 G"},{"key":"articleNumber","value":"Artikelnummer: 2020001760640"},{"key":"Lagerhinweis:","value":["Ungeöffnet, gekühlt bei max. 6 °C lagern."]},{"key":"Zutaten:","value":["Zutaten: JOGHURT mild, 16% Marille, 10% Marillenpüree, Zucker, Zitronensaftkonzentrat, Inulin.In Großbuchstaben angegebene Zutaten enthalten allergene Inhaltstoffe."]},{"key":"Allergene:","value":["Enthält:Milch und daraus gewonnene Erzeugnisse (inkl. Laktose)"]},{"key":"Identitätskennzeichen:","value":["AT 30751 EG"]},{"key":"Kontakt:","value":["Berglandmilch eGen","Schubertstraße 30, 4600 Wels, Österreich"]}],"nutritions":[{"key":"","value":"Unzubereitet"},{"key":" ","value":"100 g"},{"key":"Energie","value":"335 kJ | 80 kcal"},{"key":"Fett","value":"2,2 g"},{"key":"Fett, davon gesättigte Fettsäuren","value":"1,4 g"},{"key":"Kohlenhydrate","value":"11 g"},{"key":"Kohlenhydrate, davon Zucker","value":"11 g"},{"key":"Ballaststoffe","value":"1,7 g"},{"key":"Eiweiß","value":"3,1 g"},{"key":"Salz","value":"0,1 g"}],"tags":[]},
    {"url":"https://www.interspar.at/shop/lebensmittel/p/2020001760749","data":[{"key":"price","value":"1,39 €"},{"key":"oldPrice","value":"\n\t\t\t\t\t\n\t\t\t\t\t \n\t\t\t\t"},{"key":"pricePerUnit","value":"(6.47 €/kg)"},{"key":"productDetailsName","value":"Schärdinger - Früchtetraum Joghurt & Rote Früchte - 215 G"},{"key":"detailsDescription","value":"215 G"},{"key":"articleNumber","value":"Artikelnummer: 2020001760749"},{"key":"Lagerhinweis:","value":["Ungeöffnet, gekühlt bei max. 6 °C lagern."]},{"key":"Zutaten:","value":["Zutaten: JOGHURT mild, 9,5% Erdbeeren, 9,5% Sauerkirschen, Zucker, 4,6% Himbeeren, 2,9% Apfelpüree, Inulin.In Großbuchstaben angegebene Zutaten enthalten allergene Inhaltstoffe."]},{"key":"Allergene:","value":["Enthält:Milch und daraus gewonnene Erzeugnisse (inkl. Laktose)"]},{"key":"Identitätskennzeichen:","value":["AT 30751 EG"]},{"key":"Kontakt:","value":["Berglandmilch eGen","Schubertstraße 30, 4600 Wels, Österreich"]}],"nutritions":[{"key":"","value":"Unzubereitet"},{"key":" ","value":"100 g"},{"key":"Energie","value":"318 kJ | 76 kcal"},{"key":"Fett","value":"2,2 g"},{"key":"Fett, davon gesättigte Fettsäuren","value":"1,4 g"},{"key":"Kohlenhydrate","value":"10 g"},{"key":"Kohlenhydrate, davon Zucker","value":"10 g"},{"key":"Ballaststoffe","value":"1,7 g"},{"key":"Eiweiß","value":"3,1 g"},{"key":"Salz","value":"0,08 g"}],"tags":[]},
    {"url":"https://www.interspar.at/shop/lebensmittel/p/2248660","data":[{"key":"price","value":"2,99 €"},{"key":"oldPrice","value":"\n\t\t\t\t\t\n\t\t\t\t\t \n\t\t\t\t"},{"key":"pricePerUnit","value":"(5.98 €/l)"},{"key":"productDetailsName","value":"Becel - Cuisine Pflanzenölcreme - 0,5 L"},{"key":"detailsDescription","value":"0,5 L"},{"key":"articleNumber","value":"Artikelnummer: 2248660"},{"key":"Lagerhinweis:","value":["Beste Lagerung zwischen +2°C und +15°C."]},{"key":"Zutaten:","value":["Zutaten: 80% pflanzliche Öle (Raps, Sonnenblumen, Leinsamen), Trinkwasser, Rapsöl ganz gehärtet, Kaliumchlorid, Emulgator: Lecithine (enthäl SOJA), Säureregulatoren: Kaliumcitrat, Citronensäure; Vitamine (A, D, E), Aromen, Farbstoff: Carotine. In Großbuchstaben angegebene Zutaten enthalten allergene Inhaltsstoffe."]},{"key":"Allergene:","value":["Enthält:Sojabohnen und daraus gewonnene Erzeugnisse"]},{"key":"","value":["Becel Cuisine Pflanzenölcreme enthält wertvolle Pflanzenöle und ist reich an Omega-3 und Omega-6 Fettsäuren. 3 mal so viel Omega 3 & 6 wie OlivenölDie positive Wirkung stellt sich bei einer täglichen Aufnahme von 2g ALA bzw.10g Linolsäure ein. 1 Portion Becel Cuisine Pflanzenölcreme liefert dazu einen signifikanten Beitrag."]},{"key":"Zusatzinformation:","value":["a-Linolensäure (ALA, eine Omega 3-Fettsäure) und Linolsäure (eine Omega-6 Fettsäure) tragen im Rahmen einer abwechslungsreichenen, ausgewogenen Ernährung und gesunden Lebensweise zur Aufrechterhaltung eines normalen Cholesterinspiegels im Blut bei."]},{"key":"Verwendungshinweis:","value":["Nach dem Öffnen im Kühlschrank lagern. Vor Gebrauch schütteln."]},{"key":"Kontakt:","value":["Unilever Austria GmbH","Stella-Klein-Löw-Weg 13, Postfach 10, 1023 Wien, Österreich","0810/200782","www.becel.at"]}],"nutritions":[{"key":"","value":"Unzubereitet"},{"key":" ","value":"100 ml"},{"key":"Energie","value":"2746 kJ | 662 kcal"},{"key":"Fett","value":"74 g"},{"key":"Fett, davon gesättigte Fettsäuren","value":"8,5 g"},{"key":"Fett, davon einfach ungesättigte Fettsäuren","value":"31 g"},{"key":"Fett, davon mehrfach ungesättigte Fettsäuren","value":"34 g"},{"key":"Kohlenhydrate","value":"< 0,5 g"},{"key":"Kohlenhydrate, davon Zucker","value":"< 0,5 g"},{"key":"Eiweiß","value":"0 g"},{"key":"Salz","value":"0,01 g"},{"key":"Vitamin A","value":"724 µg | 91 %"},{"key":"Vitamin D","value":"6,8 µg | 136 %"},{"key":"Vitamin E","value":"34 mg | 283 %"}],"tags":["Lactosefrei"]},
    {"url":"https://www.interspar.at/shop/lebensmittel/p/2800271","data":[{"key":"price","value":"1,29 €"},{"key":"oldPrice","value":"\n\t\t\t\t\t\n\t\t\t\t\t \n\t\t\t\t"},{"key":"pricePerUnit","value":"(3.23 €/kg)"},{"key":"productDetailsName","value":"Bauer - Fruchtjoghurt Heidelbeer/Cassis 4 x 100g - 400 G"},{"key":"detailsDescription","value":"400 G"},{"key":"articleNumber","value":"Artikelnummer: 2800271"},{"key":"Lagerhinweis:","value":["Bei + 8°C lagern."]},{"key":"Zutaten:","value":["Zutaten: JOGHURT mild, Heidelbeer-Cassiszubereitung [Zucker, Heidelbeeren, Wasser, Schwarze Johannisbeeren (Cassis), Schwarzer Johannisbeersaft aus Schwarzem Johannisbeersaftkonzentrat, modifizierte Stärke, natürliches Aroma, Verdickungsmittel: Johannisbrotkernmehl; Säureregulator: Natriumcitrate], Zucker. In Großbuchstaben angegebene Zutaten enthalten allergene Inhaltsstoffe."]},{"key":"Allergene:","value":["Enthält:Milch und daraus gewonnene Erzeugnisse (inkl. Laktose)"]},{"key":"Identitätskennzeichen:","value":["DE BY 13112 EG"]},{"key":"Kontakt:","value":["Privatmolkerei Bauer","Molkerei-Bauer-Straße 10, 83512 Wasserburg am Inn, Deutschland"]}],"nutritions":[{"key":"","value":"Unzubereitet"},{"key":" ","value":"100 g"},{"key":"Energie","value":"372 kJ | 88 kcal"},{"key":"Fett","value":"2,8 g"},{"key":"Fett, davon gesättigte Fettsäuren","value":"1,9 g"},{"key":"Kohlenhydrate","value":"12,9 g"},{"key":"Kohlenhydrate, davon Zucker","value":"12,4 g"},{"key":"Eiweiß","value":"2,9 g"},{"key":"Salz","value":"0,08 g"}],"tags":[]},
    {"url":"https://www.interspar.at/shop/lebensmittel/p/2800561","data":[{"key":"price","value":"1,29 €"},{"key":"oldPrice","value":"\n\t\t\t\t\t\n\t\t\t\t\t \n\t\t\t\t"},{"key":"pricePerUnit","value":"(3.23 €/kg)"},{"key":"productDetailsName","value":"Bauer - Fruchtjoghurt Vanille 4 x 100g - 400 G"},{"key":"detailsDescription","value":"400 G"},{"key":"articleNumber","value":"Artikelnummer: 2800561"},{"key":"Lagerhinweis:","value":["Bei + 8°C lagern."]},{"key":"Zutaten:","value":["Zutaten: JOGHURT mild, Vanillezubereitung (Zucker, Wasser, Bourbonvanilleschoten-Extrakt, modifizierte Stärke, natürliches Vanillearoma, Verdickungsmittel: Pektine; färbender Pflanzenextrakt: Karotte; Vanillepulver, Säureregulator: Citronensäure), Zucker. In Großbuchstaben angegebene Zutaten enthalten allergene Inhaltsstoffe."]},{"key":"Allergene:","value":["Enthält:Milch und daraus gewonnene Erzeugnisse (inkl. Laktose)"]},{"key":"Identitätskennzeichen:","value":["DE BY 13112 EG"]},{"key":"Kontakt:","value":["Privatmolkerei Bauer","Molkerei-Bauer-Straße 10, 83512 Wasserburg am Inn, Deutschland"]}],"nutritions":[{"key":"","value":"Unzubereitet"},{"key":" ","value":"100 g"},{"key":"Energie","value":"417 kJ | 99 kcal"},{"key":"Fett","value":"2,9 g"},{"key":"Fett, davon gesättigte Fettsäuren","value":"2 g"},{"key":"Kohlenhydrate","value":"14,9 g"},{"key":"Kohlenhydrate, davon Zucker","value":"14,6 g"},{"key":"Eiweiß","value":"3,3 g"},{"key":"Salz","value":"0,08 g"}],"tags":[]},
    {"url":"https://www.interspar.at/shop/lebensmittel/p/2800585","data":[{"key":"price","value":"1,29 €"},{"key":"oldPrice","value":"\n\t\t\t\t\t\n\t\t\t\t\t \n\t\t\t\t"},{"key":"pricePerUnit","value":"(3.23 €/kg)"},{"key":"productDetailsName","value":"Bauer - Fruchtjoghurt Erdbeere 4 x 100g - 400 G"},{"key":"detailsDescription","value":"400 G"},{"key":"articleNumber","value":"Artikelnummer: 2800585"},{"key":"Lagerhinweis:","value":["Bei +8°C lagern."]},{"key":"Zutaten:","value":["Zutaten: JOGHURT mild, Erdbeerzubereitung (Zucker, Erdbeeren, Wasser, modifizierte Stärke, färbendes Rote Betesaftkonzentrat, natürliches Aroma, Säureregulatoren: Natriumcitrate, Äpfelsäure), Zucker. In Großbuchstaben angegebene Zutaten enthalten allergene Inhaltsstoffe."]},{"key":"Allergene:","value":["Enthält:Milch und daraus gewonnene Erzeugnisse (inkl. Laktose)"]},{"key":"Identitätskennzeichen:","value":["DE BY 13112 EG"]},{"key":"Kontakt:","value":["Privatmolkerei Bauer","Molkerei-Bauer-Straße 10, 83512 Wasserburg am Inn, Deutschland"]}],"nutritions":[{"key":"","value":"Unzubereitet"},{"key":" ","value":"100 g"},{"key":"Energie","value":"381 kJ | 91 kcal"},{"key":"Fett","value":"3 g"},{"key":"Fett, davon gesättigte Fettsäuren","value":"2 g"},{"key":"Kohlenhydrate","value":"13 g"},{"key":"Kohlenhydrate, davon Zucker","value":"12,5 g"},{"key":"Eiweiß","value":"2,9 g"},{"key":"Salz","value":"0,08 g"}],"tags":[]},
    {"url":"https://www.interspar.at/shop/lebensmittel/p/2800615","data":[{"key":"price","value":"1,29 €"},{"key":"oldPrice","value":"\n\t\t\t\t\t\n\t\t\t\t\t \n\t\t\t\t"},{"key":"pricePerUnit","value":"(3.23 €/kg)"},{"key":"productDetailsName","value":"Bauer - Fruchtjoghurt Pfirsich - Maracuja 4 x 100g - 400 G"},{"key":"detailsDescription","value":"400 G"},{"key":"articleNumber","value":"Artikelnummer: 2800615"},{"key":"Lagerhinweis:","value":["Bei +8°C lagern."]},{"key":"Zutaten:","value":["Zutaten: JOGHURT mild, Pfirsich-Maracujazubereitung (Zucker, Pfirsiche, Wasser, modifizierte Stärke, Maracujasaft aus Maracujasaftkonzentrat; natürliches Aroma, Säureregulatoren: Natriumcitrate, Citronensäure), Zucker. In Großbuchstaben angegebene Zutaten enthalten allergene Inhaltsstoffe."]},{"key":"Allergene:","value":["Enthält:Milch und daraus gewonnene Erzeugnisse (inkl. Laktose)"]},{"key":"Identitätskennzeichen:","value":["DE BY 13112 EG"]},{"key":"Kontakt:","value":["Privatmolkerei Bauer","Molkerei-Bauer-Straße 10, 83512 Wasserburg am Inn, Deutschland"]}],"nutritions":[{"key":"","value":"Unzubereitet"},{"key":" ","value":"100 g"},{"key":"Energie","value":"381 kJ | 90 kcal"},{"key":"Fett","value":"2,4 g"},{"key":"Fett, davon gesättigte Fettsäuren","value":"1,7 g"},{"key":"Kohlenhydrate","value":"14 g"},{"key":"Kohlenhydrate, davon Zucker","value":"13,8 g"},{"key":"Eiweiß","value":"3,2 g"},{"key":"Salz","value":"0,1 g"}],"tags":[]},
    {"url":"https://www.interspar.at/shop/lebensmittel/p/2907918","data":[{"key":"price","value":"1,75 €"},{"key":"oldPrice","value":"\n\t\t\t\t\t\n\t\t\t\t\t \n\t\t\t\t"},{"key":"pricePerUnit","value":"(2.33 €/kg)"},{"key":"productDetailsName","value":"Bergbauer - Natur Joghurt - 750 G"},{"key":"detailsDescription","value":"750 G"},{"key":"articleNumber","value":"Artikelnummer: 2907918"},{"key":"Lagerhinweis:","value":["Gekühlt lagern."]},{"key":"Zutaten:","value":["Zutaten: JOGHURT 3,6% Fett aus pasteurisierter MILCH. In Großbuchstaben angegebene Zutaten enthalten allergene Inhaltsstoffe."]},{"key":"Allergene:","value":["Enthält:Milch und daraus gewonnene Erzeugnisse (inkl. Laktose)"]},{"key":"Identitätskennzeichen:","value":["AT 80125 EG"]},{"key":"Kontakt:","value":["Berg Bauer","6300 Wörgl, Österreich"]}],"nutritions":[{"key":"","value":"Unzubereitet"},{"key":" ","value":"100 g"},{"key":"Energie","value":"265 kJ | 63 kcal"},{"key":"Fett","value":"3,6 g"},{"key":"Fett, davon gesättigte Fettsäuren","value":"2,4 g"},{"key":"Kohlenhydrate","value":"4,2 g"},{"key":"Kohlenhydrate, davon Zucker","value":"4,2 g"},{"key":"Eiweiß","value":"3,5 g"},{"key":"Salz","value":"0,18 g"}],"tags":[]},
    {"url":"https://www.interspar.at/shop/lebensmittel/p/2948386","data":[{"key":"price","value":"1,79 €"},{"key":"oldPrice","value":"\n\t\t\t\t\t\n\t\t\t\t\t \n\t\t\t\t"},{"key":"pricePerUnit","value":"(5.26 €/kg)"},{"key":"productDetailsName","value":"Müller - Joghurt mit der Ecke Minis Benj. Blühmchen Weihnachtsmann 4 x 85g - 340 G"},{"key":"detailsDescription","value":"340 G"},{"key":"articleNumber","value":"Artikelnummer: 2948386"},{"key":"Lagerhinweis:","value":["Bei +8°C mindestens lagern."]},{"key":"Zutaten:","value":["Zutaten: JOGHURT, Zucker, Glukose-Fruktose-Sirup, WEIZENVOLLKORNMEHL, WEIZENMEHL, Kakaobutter, VOLLMILCHPULVER, Speisesalz, Emulgator SOJALECITHINE, färbende Pflanzenkonzentrate (Rettich, schwarze Johannisbeere, Apfel, Saflor, Zitrone), Farbstoffe Pflanzenkohle, Carotin; Vanillepulver, Aroma. KANN SPUREN VON ERDNÜSSEN UND NÜSSEN/SCHALENFRÜCHTEN ENTHALTEN. In Großbuchstaben angegebene Zutaten enthalten allergene Inhaltstoffe."]},{"key":"Allergene:","value":["Kann Spuren enthalten von:Erdnüsse und daraus gewonnene Erzeugnisse, Schalenfrüchte und daraus gewonnene Erzeugnisse","Enthält:Glutenhaltiges Getreide und daraus hergestellte Erzeugnisse, Milch und daraus gewonnene Erzeugnisse (inkl. Laktose), Sojabohnen und daraus gewonnene Erzeugnisse"]},{"key":"Identitätskennzeichen:","value":["DE BY 718 EG"]},{"key":"Kontakt:","value":["Molkerei Alois Müller GmbH & Co. KG","Zollerstraße 7, 86850 Fischach-Aretsried, Deutschland"]}],"nutritions":[{"key":"","value":"Unzubereitet"},{"key":" ","value":"100 g"},{"key":"Energie","value":"563 kJ | 134 kcal"},{"key":"Fett","value":"4,3 g"},{"key":"Fett, davon gesättigte Fettsäuren","value":"2,8 g"},{"key":"Kohlenhydrate","value":"18,5 g"},{"key":"Kohlenhydrate, davon Zucker","value":"16,3 g"},{"key":"Eiweiß","value":"4,4 g"},{"key":"Salz","value":"0,18 g"}],"tags":[]},
    {"url":"https://www.interspar.at/shop/lebensmittel/p/2948416","data":[{"key":"price","value":"1,79 €"},{"key":"oldPrice","value":"\n\t\t\t\t\t\n\t\t\t\t\t \n\t\t\t\t"},{"key":"pricePerUnit","value":"(5.26 €/kg)"},{"key":"productDetailsName","value":"Müller - Joghurt mit der Ecke Minis Bibi Blocksberg Weihnacht 4 x 85g - 340 G"},{"key":"detailsDescription","value":"340 G"},{"key":"articleNumber","value":"Artikelnummer: 2948416"},{"key":"Lagerhinweis:","value":["Bei +8°C mindestens lagern."]},{"key":"Zutaten:","value":["Zutaten: JOGHURT, Zucker, Erdbeerpüree*, Kakaobutter, Glukose-Fruktose-Sirup, VOLLMILCHPULVER, Reismehl, WEIZENMEHL, WEIZENVOLLKORNMEHL, Emulgator Mono- und Diglyceride von Speisefettsäuren, SOJALECITHINE; Speisesalz, färbendes Pflanzenkonzentrat Karotte, Farbstoffe Echtes Karmin, Carotin; Aroma. *4,8% Frucht im Endprodukt: KANN SPUREN VON ERDNÜSSEN, EI UND NÜSSEN/SCHALENFRÜCHTEN ENTHALTEN. In Großbuchstaben angegebene Zutaten enthalten allergene Inhaltstoffe."]},{"key":"Allergene:","value":["Kann Spuren enthalten von:Eier und daraus gewonnene Erzeugnisse, Erdnüsse und daraus gewonnene Erzeugnisse, Schalenfrüchte und daraus gewonnene Erzeugnisse","Enthält:Glutenhaltiges Getreide und daraus hergestellte Erzeugnisse, Milch und daraus gewonnene Erzeugnisse (inkl. Laktose), Sojabohnen und daraus gewonnene Erzeugnisse"]},{"key":"Identitätskennzeichen:","value":["DE BY 718 EG"]},{"key":"Kontakt:","value":["Molkerei Alois Müller GmbH & Co. KG","Zollerstraße 7, 86850 Fischach-Aretsried, Deutschland"]}],"nutritions":[{"key":"","value":"Unzubereitet"},{"key":" ","value":"100 g"},{"key":"Energie","value":"550 kJ | 131 kcal"},{"key":"Fett","value":"4,8 g"},{"key":"Fett, davon gesättigte Fettsäuren","value":"3,2 g"},{"key":"Kohlenhydrate","value":"16,8 g"},{"key":"Kohlenhydrate, davon Zucker","value":"14,8 g"},{"key":"Eiweiß","value":"4,3 g"},{"key":"Salz","value":"0,15 g"}],"tags":[]},
    {"url":"https://www.interspar.at/shop/lebensmittel/p/4234562","data":[{"key":"price","value":"1,49 €"},{"key":"oldPrice","value":"\n\t\t\t\t\t\n\t\t\t\t\t \n\t\t\t\t"},{"key":"pricePerUnit","value":"(2.98 €/kg)"},{"key":"productDetailsName","value":"Landliebe - Joghurt Erdbeere - 500 G"},{"key":"detailsDescription","value":"500 G"},{"key":"articleNumber","value":"Artikelnummer: 4234562"},{"key":"Lagerhinweis:","value":["Bei +8°C lagern."]},{"key":"Zutaten:","value":["Zutaten: JOGHURT, Erdbeeren*, Zucker, Erdbeersaft* aus Erdbeersaftkonzentrat, modifizerte Stärke, färbendes Pflanzenkonzentrat (Rote Bete), natürliches Aroma, Verdickungsmittel: Pektine. * Frucht im Endprodukt: 11%. In Großbuchstaben angegebene Zutaten enthalten allergene Inhaltsstoffe."]},{"key":"Allergene:","value":["Enthält:Milch und daraus gewonnene Erzeugnisse (inkl. Laktose)"]},{"key":"Identitätskennzeichen:","value":["DE BW 033 EG"]},{"key":"Zusatztext:","value":["Im wiederverschließbaren Mehrwegglas."]},{"key":"Kontakt:","value":["Landliebe Molkereiprodukte GmbH","Wimpfener Straße 125, 74078 Heilbronn, Deutschland"]}],"nutritions":[{"key":"","value":"Unzubereitet"},{"key":" ","value":"100 g"},{"key":"Energie","value":"406 kJ | 96 kcal"},{"key":"Fett","value":"3,2 g"},{"key":"Fett, davon gesättigte Fettsäuren","value":"2,2 g"},{"key":"Kohlenhydrate","value":"13 g"},{"key":"Kohlenhydrate, davon Zucker","value":"12 g"},{"key":"Eiweiß","value":"3,8 g"},{"key":"Salz","value":"0,14 g"}],"tags":["Mehrwegkennzeichen"]},
    {"url":"https://www.interspar.at/shop/lebensmittel/p/4234579","data":[{"key":"price","value":"1,49 €"},{"key":"oldPrice","value":"\n\t\t\t\t\t\n\t\t\t\t\t \n\t\t\t\t"},{"key":"pricePerUnit","value":"(2.98 €/kg)"},{"key":"productDetailsName","value":"Landliebe - Fruchtjoghurt Aprikose - 500 G"},{"key":"detailsDescription","value":"500 G"},{"key":"articleNumber","value":"Artikelnummer: 4234579"},{"key":"Lagerhinweis:","value":["Bei +8°C lagern."]},{"key":"Zutaten:","value":["Zutaten: JOGHURT, Aprikosen*, Zucker, Aprikosensaft* aus Aprikosensaftkonzentrat, modifizierte Stärke, Zitronensaftkonzentrat, natürliches Aroma, Verdickungsmittel: Pektine. Frucht im Endprodukt: 10%. * Frucht im Endprodukt: 10%. In Großbuchstaben angegebene Zutaten enthalten allergene Inhaltstoffe."]},{"key":"Allergene:","value":["Enthält:Milch und daraus gewonnene Erzeugnisse (inkl. Laktose)"]},{"key":"Identitätskennzeichen:","value":["DE BW 033 EG"]},{"key":"Zusatztext:","value":["Im wiederverschließbaren Mehrwegglas."]},{"key":"Kontakt:","value":["Landliebe Molkereiprodukte GmbH","Wimpfener Straße 125, 74078 Heilbronn, Deutschland"]}],"nutritions":[{"key":"","value":"Unzubereitet"},{"key":" ","value":"100 g"},{"key":"Energie","value":"401 kJ | 95 kcal"},{"key":"Fett","value":"3,1 g"},{"key":"Fett, davon gesättigte Fettsäuren","value":"2,2 g"},{"key":"Kohlenhydrate","value":"13 g"},{"key":"Kohlenhydrate, davon Zucker","value":"12 g"},{"key":"Eiweiß","value":"3,8 g"},{"key":"Salz","value":"0,13 g"}],"tags":["Mehrwegkennzeichen"]},
    {"url":"https://www.interspar.at/shop/lebensmittel/p/4234593","data":[{"key":"price","value":"1,49 €"},{"key":"oldPrice","value":"\n\t\t\t\t\t\n\t\t\t\t\t \n\t\t\t\t"},{"key":"pricePerUnit","value":"(2.98 €/kg)"},{"key":"productDetailsName","value":"Landliebe - Fruchtjoghurt Vanille - 500 G"},{"key":"detailsDescription","value":"500 G"},{"key":"articleNumber","value":"Artikelnummer: 4234593"},{"key":"Lagerhinweis:","value":["Bei +8°C lagern."]},{"key":"Zutaten:","value":["Zutaten: JOGHURT, Zucker, modifizierte Stärke, Speisesalz, Zitronensaftkonzentrat, gemahlene Vanilleschoten, natürliches Vanillearoma, Verdickungsmittel: Pektine, Farbstoff: Beta-Carotin. In Großbuchstaben angegebene Zutaten enthalten allergene Inhaltstoffe."]},{"key":"Allergene:","value":["Enthält:Milch und daraus gewonnene Erzeugnisse (inkl. Laktose)"]},{"key":"Identitätskennzeichen:","value":["DE BW 033 EG"]},{"key":"Zusatztext:","value":["Im wiederverschließbaren Mehrwegglas."]},{"key":"Kontakt:","value":["Landliebe Molkereiprodukte GmbH","Wimpfener Straße 125, 74078 Heilbronn, Deutschland"]}],"nutritions":[{"key":"","value":"Unzubereitet"},{"key":" ","value":"100 g"},{"key":"Energie","value":"409 kJ | 97 kcal"},{"key":"Fett","value":"3,3 g"},{"key":"Fett, davon gesättigte Fettsäuren","value":"2,3 g"},{"key":"Kohlenhydrate","value":"13 g"},{"key":"Kohlenhydrate, davon Zucker","value":"13 g"},{"key":"Eiweiß","value":"3,9 g"},{"key":"Salz","value":"0,19 g"}],"tags":["Mehrwegkennzeichen"]},
    {"url":"https://www.interspar.at/shop/lebensmittel/p/4238300","data":[{"key":"price","value":"1,49 €"},{"key":"oldPrice","value":"\n\t\t\t\t\t\n\t\t\t\t\t \n\t\t\t\t"},{"key":"pricePerUnit","value":"(2.98 €/kg)"},{"key":"productDetailsName","value":"Landliebe - Fruchtjoghurt Kirsche - 500 G"},{"key":"detailsDescription","value":"500 G"},{"key":"articleNumber","value":"Artikelnummer: 4238300"},{"key":"Lagerhinweis:","value":["Bei +8°C lagern."]},{"key":"Zutaten:","value":["Zutaten: JOGHURT, Kirschen, Zucker, Kirschsaft aus Kirschsaftkonzentrat,modifizierte Stärke, färbende Pflanzenkonzentrate (Rote Bete, Karotte, Hibiskus), natürliches Aroma, Verdickungsmittel: Pektine. Frucht im Endprodukt: 10%. In Großbuchstaben angegebene Zutaten enthalten allergene Inhaltsstoffe."]},{"key":"Allergene:","value":["Enthält:Milch und daraus gewonnene Erzeugnisse (inkl. Laktose)"]},{"key":"Identitätskennzeichen:","value":["DE BW 033 EG"]},{"key":"Zusatztext:","value":["Im wiederverschließbaren Mehrwegglas."]},{"key":"Kontakt:","value":["Landliebe Molkereiprodukte GmbH","Wimpfener Straße 125, 74078 Heilbronn, Deutschland"]}],"nutritions":[{"key":"","value":"Unzubereitet"},{"key":" ","value":"100 g"},{"key":"Energie","value":"388 kJ | 92 kcal"},{"key":"Fett","value":"3,2 g"},{"key":"Fett, davon gesättigte Fettsäuren","value":"2,2 g"},{"key":"Kohlenhydrate","value":"12 g"},{"key":"Kohlenhydrate, davon Zucker","value":"12 g"},{"key":"Eiweiß","value":"3,8 g"},{"key":"Salz","value":"0,2 g"}],"tags":["Mehrwegkennzeichen"]},
    {"url":"https://www.interspar.at/shop/lebensmittel/p/4238324","data":[{"key":"price","value":"1,49 €"},{"key":"oldPrice","value":"\n\t\t\t\t\t\n\t\t\t\t\t \n\t\t\t\t"},{"key":"pricePerUnit","value":"(2.98 €/kg)"},{"key":"productDetailsName","value":"Landliebe - Joghurt Heidelbeere - 500 G"},{"key":"detailsDescription","value":"500 G"},{"key":"articleNumber","value":"Artikelnummer: 4238324"},{"key":"Lagerhinweis:","value":["Bei +8°C lagern."]},{"key":"Zutaten:","value":["Zutaten: JOGHURT, Zucker, Heidelbeeren*, modifizierte Stärke, natürliches Aroma, Verdickungsmittel: Pektine. Frucht im Endprodukt: 8%. In Großbuchstaben angegebene Zutaten enthalten allergene Inhaltstoffe."]},{"key":"Allergene:","value":["Enthält:Milch und daraus gewonnene Erzeugnisse (inkl. Laktose)"]},{"key":"Identitätskennzeichen:","value":["DE BW 033 EG"]},{"key":"Zusatztext:","value":["Im wiederverschließbaren Mehrwegglas."]},{"key":"Kontakt:","value":["Landliebe Molkereiprodukte GmbH","Wimpfener Straße 125, 74078 Heilbronn, Deutschland"]}],"nutritions":[{"key":"","value":"Unzubereitet"},{"key":" ","value":"100 g"},{"key":"Energie","value":"407 kJ | 97 kcal"},{"key":"Fett","value":"3,2 g"},{"key":"Fett, davon gesättigte Fettsäuren","value":"2,2 g"},{"key":"Kohlenhydrate","value":"13 g"},{"key":"Kohlenhydrate, davon Zucker","value":"13 g"},{"key":"Eiweiß","value":"3,8 g"},{"key":"Salz","value":"0,14 g"}],"tags":["Mehrwegkennzeichen"]},
    {"url":"https://www.interspar.at/shop/lebensmittel/p/4440635","data":[{"key":"price","value":"0,39 €"},{"key":"oldPrice","value":"\n\t\t\t\t\t\n\t\t\t\t\tstatt 0,79 €\n\t\t\t\t"},{"key":"pricePerUnit","value":"(2.60 €/kg)"},{"key":"productDetailsName","value":"Müller - Joghurt mit der Ecke Schlemmer Himbeere - 150 G"},{"key":"detailsDescription","value":"150 G"},{"key":"articleNumber","value":"Artikelnummer: 4440635"},{"key":"Lagerhinweis:","value":["Bei max. +8°C lagern."]},{"key":"Zutaten:","value":["Zutaten: JOGHURT, Fruchtzubereitung (Himbeeren*, Zucker, Glukose-Fruktose-Sirup, Himbeersaft* aus Himbeersaftkonzentrat, färbende Frucht- und Pflanzenkonzentrate (Rote Bete, Karotte, schwarze Johannisbeere, Traube), Verdickungsmittel: Johannisbrotkernmehl, Guarkernmehl, Pektine; Säuerungsmittel: Citronensäure; Säureregulator: Calciumcitrate), Zucker, Traubenzucker, Aroma. *14,3 % Fruchtgehalt im Endprodukt. In Großbuchstaben angegebene Zutaten enthalten allergene Inhaltstoffe."]},{"key":"Allergene:","value":["Enthält:Milch und daraus gewonnene Erzeugnisse (inkl. Laktose)"]},{"key":"Identitätskennzeichen:","value":["DE BY 718 EG DE SN 016 EG"]},{"key":"Kontakt:","value":["Molkerei Alois Müller GmbH & Co. KG","Zollerstraße 7, 86850 Fischach-Aretsried, Deutschland"]}],"nutritions":[{"key":"","value":"Unzubereitet"},{"key":" ","value":"100 g"},{"key":"Energie","value":"438 kJ | 104 kcal"},{"key":"Fett","value":"2,5 g"},{"key":"Fett, davon gesättigte Fettsäuren","value":"1,7 g"},{"key":"Kohlenhydrate","value":"15,1 g"},{"key":"Kohlenhydrate, davon Zucker","value":"14,9 g"},{"key":"Eiweiß","value":"4,1 g"},{"key":"Salz","value":"0,16 g"}],"tags":[]},
    {"url":"https://www.interspar.at/shop/lebensmittel/p/5225903","data":[{"key":"price","value":"1,49 €"},{"key":"oldPrice","value":"\n\t\t\t\t\t\n\t\t\t\t\t \n\t\t\t\t"},{"key":"pricePerUnit","value":"(2.98 €/kg)"},{"key":"productDetailsName","value":"Landliebe - Fruchtjoghurt Stracciatella - 500 G"},{"key":"detailsDescription","value":"500 G"},{"key":"articleNumber","value":"Artikelnummer: 5225903"},{"key":"Lagerhinweis:","value":["Bei +8°C lagern."]},{"key":"Zutaten:","value":["Zutaten: JOGHURT, Zucker, Glukose-Fruktose-Sirup, Schokoladenstückchen (Kakaomasse, Kakaobutter, Zucker), modifizierte Stärke, natürliches Aroma, Zitronensaftkonzentrat, Verdickungsmittel : Guarkernmehl, Pektine; Speisesalz . In Großbuchstaben angegebene Zutaten enthalten allergene Inhaltsstoffe."]},{"key":"Allergene:","value":["Enthält:Milch und daraus gewonnene Erzeugnisse (inkl. Laktose)"]},{"key":"Identitätskennzeichen:","value":["DE BW 033 EG"]},{"key":"Zusatztext:","value":["Im wiederverschließbaren Mehrwegglas."]},{"key":"Kontakt:","value":["Landliebe Molkereiprodukte GmbH","Wimpfener Straße 125, 74078 Heilbronn, Deutschland"]}],"nutritions":[{"key":"","value":"Unzubereitet"},{"key":" ","value":"100 g"},{"key":"Energie","value":"505 kJ | 120 kcal"},{"key":"Fett","value":"5 g"},{"key":"Fett, davon gesättigte Fettsäuren","value":"3,3 g"},{"key":"Kohlenhydrate","value":"15 g"},{"key":"Kohlenhydrate, davon Zucker","value":"14 g"},{"key":"Eiweiß","value":"3,8 g"},{"key":"Salz","value":"0,14 g"}],"tags":["Mehrwegkennzeichen"]},
    {"url":"https://www.interspar.at/shop/lebensmittel/p/541602","data":[{"key":"price","value":"0,39 €"},{"key":"oldPrice","value":"\n\t\t\t\t\t\n\t\t\t\t\tstatt 0,79 €\n\t\t\t\t"},{"key":"pricePerUnit","value":"(2.60 €/kg)"},{"key":"productDetailsName","value":"Müller - Joghurt mit der Ecke Schlemmer Erdbeere - 150 G"},{"key":"detailsDescription","value":"150 G"},{"key":"articleNumber","value":"Artikelnummer: 541602"},{"key":"Lagerhinweis:","value":["Bei max. +8°C lagern."]},{"key":"Zutaten:","value":["Zutaten: Joghurt*, Fruchtzubereitung (Erdbeeren**, Wasser, Zucker, Glukose-Fruktose-Sirup, färbende Frucht- und Pflanzenkonzentrate (Rote Bete, Aronia, Karotte), Aroma, Verdickungsmittel: Johannisbrotkernmehl, Guarkernmehl, Pektine; Säuerungsmittel: Citronensäure; Säureregulator: Natriumcitrate), Zucker, Traubenzucker, Aroma. * aus pasteurisierter MILCH, **11,5% Fruchtgehalt im Endprodukt. In Großbuchstaben angegebene Zutaten enthalten allergene Inhaltstoffe."]},{"key":"Allergene:","value":["Enthält:Milch und daraus gewonnene Erzeugnisse (inkl. Laktose)"]},{"key":"Identitätskennzeichen:","value":["DE BY 718 EG DE SN 016 EG"]},{"key":"Kontakt:","value":["Molkerei Alois Müller GmbH & Co. KG","Zollerstraße 7, 86850 Fischach-Aretsried, Deutschland"]}],"nutritions":[{"key":"","value":"Unzubereitet"},{"key":" ","value":"100 g"},{"key":"Energie","value":"416 kJ | 99 kcal"},{"key":"Fett","value":"2,5 g"},{"key":"Fett, davon gesättigte Fettsäuren","value":"1,7 g"},{"key":"Kohlenhydrate","value":"14 g"},{"key":"Kohlenhydrate, davon Zucker","value":"13,8 g"},{"key":"Eiweiß","value":"4,1 g"},{"key":"Salz","value":"0,18 g"}],"tags":[]},
    {"url":"https://www.interspar.at/shop/lebensmittel/p/6953799","data":[{"key":"price","value":"1,89 €"},{"key":"oldPrice","value":"\n\t\t\t\t\t\n\t\t\t\t\t \n\t\t\t\t"},{"key":"pricePerUnit","value":"(6.30 €/kg)"},{"key":"productDetailsName","value":"Emmi - Swiss Müesli Classic - 300 G"},{"key":"detailsDescription","value":"300 G"},{"key":"articleNumber","value":"Artikelnummer: 6953799"},{"key":"Lagerhinweis:","value":["Kühl (max. +8°C) lagern."]},{"key":"Zutaten:","value":["Zutaten: 50% JOGURT mit 3,5% Fett im Milchanteil aus pasteurisierter MILCH, 30% Früchte (20% Äpfel, 9% Ananas, 1% Bananen), Zucker, 7% Getreideflocken (WEIZEN, HAFER), MILCHEIWEISS, Zitronensaftkonzentrat, Verdickungsmittel Pektin, HASELNÜSSE, Aroma. In Großbuchstaben angegebene Zutaten enthalten allergene Inhaltsstoffe."]},{"key":"Allergene:","value":["Enthält:Glutenhaltiges Getreide und daraus hergestellte Erzeugnisse, Milch und daraus gewonnene Erzeugnisse (inkl. Laktose), Schalenfrüchte und daraus gewonnene Erzeugnisse"]},{"key":"Ursprungsland/Herkunftsort:","value":["Schweiz"]},{"key":"Kontakt:","value":["Emmi Deutschland GmbH","Im Teelbruch 122, 45219 Essen, Deutschland"]}],"nutritions":[{"key":"","value":"Unzubereitet"},{"key":" ","value":"100 g"},{"key":"Energie","value":"103 kJ | 440 kcal"},{"key":"Fett","value":"2 g"},{"key":"Fett, davon gesättigte Fettsäuren","value":"1 g"},{"key":"Kohlenhydrate","value":"18 g"},{"key":"Kohlenhydrate, davon Zucker","value":"14 g"},{"key":"Eiweiß","value":"3 g"},{"key":"Salz","value":"0,08 g"}],"tags":[]},
    {"url":"https://www.interspar.at/shop/lebensmittel/p/7252273","data":[{"key":"price","value":"1,09 €"},{"key":"oldPrice","value":"\n\t\t\t\t\t\n\t\t\t\t\t \n\t\t\t\t"},{"key":"pricePerUnit","value":"(6.06 €/kg)"},{"key":"productDetailsName","value":"Toni's - Schafmilchjoghurt Natur - 180 G"},{"key":"detailsDescription","value":"180 G"},{"key":"articleNumber","value":"Artikelnummer: 7252273"},{"key":"Lagerhinweis:","value":["Gekühlt lagern bei 2 - 8°C."]},{"key":"Zutaten:","value":["Zutaten: SCHAFMILCH*, pasteurisiert mit Acidophilus- und Bifidobakterien gereift. (*aus kontrolliert biologischer Landwirtschaft). In Großbuchstaben angegebene Zutaten enthalten allergene Inhaltstoffe."]},{"key":"Allergene:","value":["Enthält:Milch und daraus gewonnene Erzeugnisse (inkl. Laktose)"]},{"key":"Zubereitung:","value":["Verzehrfertig"]},{"key":"Bio-Kontrollstelle:","value":["AT-Bio-301"]},{"key":"Identitätskennzeichen:","value":["AT 41906EG"]},{"key":"Kontakt:","value":["Toni´s Handels GmbH","Glein 14, 8720 Knittelfeld, Österreich"]}],"nutritions":[{"key":"","value":"Unzubereitet"},{"key":" ","value":"100 g"},{"key":"Energie","value":"340 kJ | 82 kcal"},{"key":"Fett","value":"5,1 g"},{"key":"Fett, davon gesättigte Fettsäuren","value":"3,7 g"},{"key":"Kohlenhydrate","value":"4,4 g"},{"key":"Kohlenhydrate, davon Zucker","value":"3,5 g"},{"key":"Eiweiß","value":"4,6 g"},{"key":"Salz","value":"0,04 g"}],"tags":["Bio"]},
    {"url":"https://www.interspar.at/shop/lebensmittel/p/819879","data":[{"key":"price","value":"0,39 €"},{"key":"oldPrice","value":"\n\t\t\t\t\t\n\t\t\t\t\tstatt 0,79 €\n\t\t\t\t"},{"key":"pricePerUnit","value":"(2.60 €/kg)"},{"key":"productDetailsName","value":"Müller - Joghurt mit der Ecke Knusper Schoko Flakes - 150 G"},{"key":"detailsDescription","value":"150 G"},{"key":"articleNumber","value":"Artikelnummer: 819879"},{"key":"Lagerhinweis:","value":["Bei +8°C lagern."]},{"key":"Zutaten:","value":["Zutaten: Joghurt aus pasteurisierter MILCH, schokolierten Cornflakes (Zucker, Mais, VOLLMILCHPULVER, Kakaobutter, Kakaomasse, SÜSSMOLKENPULVER, MILCHZUCKER, Emulgator Lecithine (SOJA), Speisesalz, GERSTENMALZ, Aroma, Überzugsmittel: Gummi arabicum), Zucker, Bananenpüree*, Glukose-Fruktose-Sirup, Aroma. *4% Fruchtgehalt im Endprodukt. In Großbuchstaben angegebene Zutaten enthalten allergene Inhaltsstoffe."]},{"key":"Allergene:","value":["Kann Spuren enthalten von:Erdnüsse und daraus gewonnene Erzeugnisse, Schalenfrüchte und daraus gewonnene Erzeugnisse","Enthält:Glutenhaltiges Getreide und daraus hergestellte Erzeugnisse, Milch und daraus gewonnene Erzeugnisse (inkl. Laktose), Sojabohnen und daraus gewonnene Erzeugnisse"]},{"key":"Identitätskennzeichen:","value":["DE BY 718 EG; DE SN 016 EG"]},{"key":"Kontakt:","value":["Molkerei Alois Müller GmbH & Co. KG","Zollerstraße 7, 86850 Fischach-Aretsried, Deutschland"]}],"nutritions":[{"key":"","value":"Unzubereitet"},{"key":" ","value":"100 g"},{"key":"Energie","value":"549 kJ | 131 kcal"},{"key":"Fett","value":"4,7 g"},{"key":"Fett, davon gesättigte Fettsäuren","value":"2,9 g"},{"key":"Kohlenhydrate","value":"17 g"},{"key":"Kohlenhydrate, davon Zucker","value":"15 g"},{"key":"Eiweiß","value":"4,1 g"},{"key":"Salz","value":"0,17 g"}],"tags":[]},
    {"url":"https://www.interspar.at/shop/lebensmittel/p/819954","data":[{"key":"price","value":"0,39 €"},{"key":"oldPrice","value":"\n\t\t\t\t\t\n\t\t\t\t\tstatt 0,79 €\n\t\t\t\t"},{"key":"pricePerUnit","value":"(2.60 €/kg)"},{"key":"productDetailsName","value":"Müller - Joghurt mit der Ecke Schlemmer Kirsche - 150 G"},{"key":"detailsDescription","value":"150 G"},{"key":"articleNumber","value":"Artikelnummer: 819954"},{"key":"Lagerhinweis:","value":["Bei max. 8°C lagern."]},{"key":"Zutaten:","value":["Zutaten: Joghurt aus pasteurisierter MILCH, Fruchtzubereitung (Kirschen*, Glukose-Fruktose-Sirup, Zucker, Kirschsaft* aus Kirschsaftkonzentrat, Aroma, Verdickungsmittel: Johannisbrotkernmehl, Guarkernmehl, Pektine; Säuerungsmittel: Citronensäure; Säureregulator: Calciumcitrate), Zucker, Traubenzucker, Aroma. *12,7 % Fruchtgehalt im Endprodukt. In Großbuchstaben angegebene Zutaten enthalten allergene Inhaltstoffe."]},{"key":"Allergene:","value":["Enthält:Milch und daraus gewonnene Erzeugnisse (inkl. Laktose)"]},{"key":"Identitätskennzeichen:","value":["DE BY 718 EG DE SN 016 EG"]},{"key":"Kontakt:","value":["Molkerei Alois Müller GmbH & Co. KG","Zollerstraße 7, 86850 Fischach-Aretsried, Deutschland"]}],"nutritions":[{"key":"","value":"Unzubereitet"},{"key":" ","value":"100 g"},{"key":"Energie","value":"438 kJ | 104 kcal"},{"key":"Fett","value":"2,5 g"},{"key":"Fett, davon gesättigte Fettsäuren","value":"1,7 g"},{"key":"Kohlenhydrate","value":"15,2 g"},{"key":"Kohlenhydrate, davon Zucker","value":"14,9 g"},{"key":"Eiweiß","value":"4,1 g"},{"key":"Salz","value":"0,16 g"}],"tags":[]},
    {"url":"https://www.interspar.at/shop/lebensmittel/p/8202666","data":[{"key":"price","value":"0,39 €"},{"key":"oldPrice","value":"\n\t\t\t\t\t\n\t\t\t\t\tstatt 0,79 €\n\t\t\t\t"},{"key":"pricePerUnit","value":"(2.79 €/kg)"},{"key":"productDetailsName","value":"Müller - Joghurt mit der Ecke Mumbai - 140 G"},{"key":"detailsDescription","value":"140 G"},{"key":"articleNumber","value":"Artikelnummer: 8202666"},{"key":"Lagerhinweis:","value":["Bei max. +8°C lagern."]},{"key":"Zutaten:","value":["Zutaten: JOGHURT, Fruchtzubereitung (37,5% Mango*, Zucker, Glukose-Fruktose-Sirup, 7,5% Mangopüree* aus Mangopüreekonzentrat, 5% Papayasaft* aus Papayasaftkonzentrat, Verdickungsmittel: Johannisbrotkernmehl, Guarkernmehl, Pektine; Säuerungsmittel: Citronensäure, färbendes Pflanzenkonzentrat (Saflor), Säureregulator: Natriumcitrate, Calciumcitrate; Aroma), Zucker, Dextrose, Aroma. * 10,5 % Fruchtgehalt im Endprodukt. In Großbuchstaben angegebene Zutaten enthalten allergene Inhaltstoffe."]},{"key":"Allergene:","value":["Enthält:Milch und daraus gewonnene Erzeugnisse (inkl. Laktose)"]},{"key":"Identitätskennzeichen:","value":["DE SN 016 EG"]},{"key":"Kontakt:","value":["Molkerei Alois Müller GmbH & Co. KG","Zollerstraße 7, 86850 Fischach-Aretsried, Deutschland"]}],"nutritions":[{"key":"","value":"Unzubereitet"},{"key":" ","value":"100 g"},{"key":"Energie","value":"424 kJ | 100 kcal"},{"key":"Fett","value":"2,6 g"},{"key":"Fett, davon gesättigte Fettsäuren","value":"1,7 g"},{"key":"Kohlenhydrate","value":"14,6 g"},{"key":"Kohlenhydrate, davon Zucker","value":"14,5 g"},{"key":"Eiweiß","value":"3,8 g"},{"key":"Salz","value":"0,17 g"}],"tags":[]},
    {"url":"https://www.interspar.at/shop/lebensmittel/p/166843","data":[{"key":"price","value":"0,59 €"},{"key":"oldPrice","value":"\n\t\t\t\t\t\n\t\t\t\t\t \n\t\t\t\t"},{"key":"pricePerUnit","value":"(3.28 €/kg)"},{"key":"productDetailsName","value":"NÖM Mix - Fruchtjoghurt Heidelbeere - 180 G"},{"key":"detailsDescription","value":"180 G"},{"key":"articleNumber","value":"Artikelnummer: 166843"},{"key":"Lagerhinweis:","value":["Gekühlt (+ 3-9 °C) lagern."]},{"key":"Zutaten:","value":["Zutaten: JOGHURT*, 10% Heidelbeeren, Zucker, Maisstärke, Stabilisator: Pektin, Zitronensaftkonzentrat, natürliches Aroma. *aus gentechnikfreier Milchlaut Definition des Österreichischen Lebensmittelcodex für gentechnikfreie Produktion; Kontrolle durch agroVet GmbH. In Großbuchstaben angegebene Zutaten enthalten allergene Inhaltsstoffe."]},{"key":"Allergene:","value":["Enthält:Milch und daraus gewonnene Erzeugnisse (inkl. Laktose)"]},{"key":"Identitätskennzeichen:","value":["AT 30960 EG"]},{"key":"Kontakt:","value":["NÖM AG","Vöslauer Straße 109, 2500 Baden, Österreich","0800 800 500"]}],"nutritions":[{"key":"","value":"Unzubereitet"},{"key":" ","value":"100 g"},{"key":"Energie","value":"414 kJ | 98 kcal | 5 %"},{"key":"Fett","value":"2,6 g | 4 %"},{"key":"Fett, davon gesättigte Fettsäuren","value":"1,5 g | 8 %"},{"key":"Kohlenhydrate","value":"14,3 g | 6 %"},{"key":"Kohlenhydrate, davon Zucker","value":"13,9 g | 15 %"},{"key":"Eiweiß","value":"3,7 g | 7 %"},{"key":"Salz","value":"0,1 g | 2 %"},{"key":"","value":"Unzubereitet"},{"key":" ","value":"Portion (180 g)"},{"key":"Energie","value":"745 kJ | 176 kcal"},{"key":"Fett","value":"4,7 g"},{"key":"Fett, davon gesättigte Fettsäuren","value":"2,7 g"},{"key":"Kohlenhydrate","value":"25,7 g"},{"key":"Kohlenhydrate, davon Zucker","value":"25 g"},{"key":"Eiweiß","value":"6,7 g"},{"key":"Salz","value":"0,18 g"}],"tags":[]},
    {"url":"https://www.interspar.at/shop/lebensmittel/p/2020001681051","data":[{"key":"price","value":"0,79 €"},{"key":"oldPrice","value":"\n\t\t\t\t\t\n\t\t\t\t\t \n\t\t\t\t"},{"key":"pricePerUnit","value":"(5.27 €/kg)"},{"key":"productDetailsName","value":"Landliebe - Joghurt auf Kirschen Laktosefrei - 150 G"},{"key":"detailsDescription","value":"150 G"},{"key":"articleNumber","value":"Artikelnummer: 2020001681051"},{"key":"Lagerhinweis:","value":["Bei +8 °C lagern."]},{"key":"Zutaten:","value":["Zutaten: JOGHURT, Kirschen**, Zucker, Kirschsaft** aus Kirschsaftkonzentrat, modifizierte Stärke, färbende Pflanzenkonzentrate (Rote Bete, Karotte, Hibiskus), Säureregulator: Natriumcitrate, natürliches Aroma, Verdickungsmittel: Pektine, Laktase. **Frucht im Endprodukt: 11%. In Großbuchstaben angegebene Zutaten enthalten allergene Inhaltstoffe."]},{"key":"Allergene:","value":["Enthält:Milch und daraus gewonnene Erzeugnisse (inkl. Laktose)"]},{"key":"","value":["Laktosefrei"]},{"key":"Identitätskennzeichen:","value":["DE BW 033 EG"]},{"key":"Kontakt:","value":["Campina Austria Handelsgesellschaft m.b.H.","Bahnhofstraße 160, 8950 Stainach, Österreich"]}],"nutritions":[{"key":"","value":"Unzubereitet"},{"key":" ","value":"100 g"},{"key":"Energie","value":"386 kJ | 92 kcal"},{"key":"Fett","value":"3,1 g"},{"key":"Fett, davon gesättigte Fettsäuren","value":"2,1 g"},{"key":"Kohlenhydrate","value":"12 g"},{"key":"Kohlenhydrate, davon Zucker","value":"12 g"},{"key":"Eiweiß","value":"3,9 g"},{"key":"Salz","value":"0,21 g"}],"tags":["Lactosefrei"]},
    {"url":"https://www.interspar.at/shop/lebensmittel/p/221603","data":[{"key":"price","value":"0,55 €"},{"key":"oldPrice","value":"\n\t\t\t\t\t\n\t\t\t\t\t \n\t\t\t\t"},{"key":"pricePerUnit","value":"(2.20 €/kg)"},{"key":"productDetailsName","value":"Schärdinger - Naturjoghurt stichfest 3,5% Fett - 250 G"},{"key":"detailsDescription","value":"250 G"},{"key":"articleNumber","value":"Artikelnummer: 221603"},{"key":"Lagerhinweis:","value":["Ungeöffnet, gekühlt (3-6 °C) lagern."]},{"key":"Zutaten:","value":["Zutaten: NATURJOGHURT aus pasteurisierter MILCH mit 3,5% Fett, stichfest. In Großbuchstaben angegebene Zutaten enthalten allergene Inhaltstoffe."]},{"key":"Allergene:","value":["Enthält:Milch und daraus gewonnene Erzeugnisse (inkl. Laktose)"]},{"key":"Identitätskennzeichen:","value":["AT 30751 EG"]},{"key":"Kontakt:","value":["Berglandmilch eGen","Schubertstraße 30, 4600 Wels, Österreich"]}],"nutritions":[{"key":"","value":"Unzubereitet"},{"key":" ","value":"100 g"},{"key":"Energie","value":"264 kJ | 63 kcal"},{"key":"Fett","value":"3,5 g"},{"key":"Fett, davon gesättigte Fettsäuren","value":"2,3 g"},{"key":"Kohlenhydrate","value":"3,9 g"},{"key":"Kohlenhydrate, davon Zucker","value":"3,9 g"},{"key":"Eiweiß","value":"3,3 g"},{"key":"Salz","value":"0,1 g"}],"tags":[]},
    {"url":"https://www.interspar.at/shop/lebensmittel/p/2659879","data":[{"key":"price","value":"0,39 €"},{"key":"oldPrice","value":"\n\t\t\t\t\t\n\t\t\t\t\tstatt 0,79 €\n\t\t\t\t"},{"key":"pricePerUnit","value":"(2.60 €/kg)"},{"key":"productDetailsName","value":"Müller - Joghurt mit der Ecke Knusper Schoko Balls - 150 G"},{"key":"detailsDescription","value":"150 G"},{"key":"articleNumber","value":"Artikelnummer: 2659879"},{"key":"Lagerhinweis:","value":["Bei maximal + 8 °C lagern."]},{"key":"Zutaten:","value":["Zutaten: Joghurt aus pasteurisierter MILCH, schokolierte Getreidekugeln (Zucker, VOLLMILCHPULVER, Kakaobutter, Reismehl, Kakaomasse, WEIZENVOLLKORNMEHL, SÜSSMOLKENPULVER, MILCHZUCKER, Emulgator: Lecithine (SOJA), GERSTENMALZ, Speisesalz, Aroma, Überzugsmittel: Gummi arabicum), Zucker, Glukose-Fruktose-Sirup, Farbstoffe: Carotin, Vanillepulver, Aroma. In Großbuchstaben angegebene Zutaten enthalten allergene Inhaltsstoffe."]},{"key":"Allergene:","value":["Kann Spuren enthalten von:Erdnüsse und daraus gewonnene Erzeugnisse, Schalenfrüchte und daraus gewonnene Erzeugnisse","Enthält:Glutenhaltiges Getreide und daraus hergestellte Erzeugnisse, Milch und daraus gewonnene Erzeugnisse (inkl. Laktose), Sojabohnen und daraus gewonnene Erzeugnisse"]},{"key":"Identitätskennzeichen:","value":["DE BY 718 EG; DE SN 016 EG"]},{"key":"Kontakt:","value":["Molkerei Alois Müller GmbH & Co. KG","Zollerstraße 7, 86850 Fischach-Aretsried, Deutschland"]}],"nutritions":[{"key":"","value":"Unzubereitet"},{"key":" ","value":"100 g"},{"key":"Energie","value":"597 kJ | 142 kcal"},{"key":"Fett","value":"4,8 g"},{"key":"Fett, davon gesättigte Fettsäuren","value":"3,2 g"},{"key":"Kohlenhydrate","value":"19,5 g"},{"key":"Kohlenhydrate, davon Zucker","value":"17,3 g"},{"key":"Eiweiß","value":"4,3 g"},{"key":"Salz","value":"0,16 g"}],"tags":[]},
    {"url":"https://www.interspar.at/shop/lebensmittel/p/2729466","data":[{"key":"price","value":"0,45 €"},{"key":"oldPrice","value":"\n\t\t\t\t\t\n\t\t\t\t\t \n\t\t\t\t"},{"key":"pricePerUnit","value":"(1.80 €/kg)"},{"key":"productDetailsName","value":"NÖM - Natur Joghurt 3,6 % Fett cremig gerührt - 250 G"},{"key":"detailsDescription","value":"250 G"},{"key":"articleNumber","value":"Artikelnummer: 2729466"},{"key":"Lagerhinweis:","value":["Gekühlt (+ 3-9 °C) lagern."]},{"key":"Zutaten:","value":["Zutaten: JOGHURT mild 3,6% Fett aus gentechnikfreier* Milch. *laut Definition des Österreichischen Lebensmittelkodex für gentechnikfreie Produktion; Kontrolle durch agroVet GmbH. In Großbuchstaben angegebene Zutaten enthalten allergene Inhaltsstoffe."]},{"key":"Allergene:","value":["Enthält:Milch und daraus gewonnene Erzeugnisse (inkl. Laktose)"]},{"key":"Identitätskennzeichen:","value":["AT 30960 EG"]},{"key":"Kontakt:","value":["NÖM AG","Vöslauer Straße 109, 2500 Baden, Österreich","0800 800 500"]}],"nutritions":[{"key":"","value":"Unzubereitet"},{"key":" ","value":"100 g"},{"key":"Energie","value":"282 kJ | 67 kcal"},{"key":"Fett","value":"3,6 g"},{"key":"Fett, davon gesättigte Fettsäuren","value":"2,2 g"},{"key":"Kohlenhydrate","value":"4,1 g"},{"key":"Kohlenhydrate, davon Zucker","value":"4,1 g"},{"key":"Eiweiß","value":"4 g"},{"key":"Salz","value":"0,1 g"}],"tags":[]},
    {"url":"https://www.interspar.at/shop/lebensmittel/p/2729480","data":[{"key":"price","value":"0,89 €"},{"key":"oldPrice","value":"\n\t\t\t\t\t\n\t\t\t\t\t \n\t\t\t\t"},{"key":"pricePerUnit","value":"(1.78 €/kg)"},{"key":"productDetailsName","value":"NÖM - Natur Joghurt 3,6% Fett cremig gerührt - 500 G"},{"key":"detailsDescription","value":"500 G"},{"key":"articleNumber","value":"Artikelnummer: 2729480"},{"key":"Lagerhinweis:","value":["Gekühlt (+3-9°C) lagern."]},{"key":"Zutaten:","value":["Zutaten: JOGHURT mild 3,6% Fett aus gentechnikfreier* Milch. *laut Definition des Österreichischen Lebensmittelkodex für gentechnikfreie Produktion; Kontrolle durch agroVet GmbH. In Großbuchstaben angegebene Zutaten enthalten allergene Inhaltsstoffe."]},{"key":"Allergene:","value":["Enthält:Milch und daraus gewonnene Erzeugnisse (inkl. Laktose)"]},{"key":"Identitätskennzeichen:","value":["AT 30960 EG"]},{"key":"Kontakt:","value":["NÖM AG","Vöslauer Straße 109, 2500 Baden, Österreich","0800 800 500"]}],"nutritions":[{"key":"","value":"Unzubereitet"},{"key":" ","value":"100 g"},{"key":"Energie","value":"282 kJ | 67 kcal"},{"key":"Fett","value":"3,6 g"},{"key":"Fett, davon gesättigte Fettsäuren","value":"2,2 g"},{"key":"Kohlenhydrate","value":"4,1 g"},{"key":"Kohlenhydrate, davon Zucker","value":"4,1 g"},{"key":"Eiweiß","value":"4 g"},{"key":"Salz","value":"0,1 g"}],"tags":[]},
    {"url":"https://www.interspar.at/shop/lebensmittel/p/3598139","data":[{"key":"price","value":"0,99 €"},{"key":"oldPrice","value":"\n\t\t\t\t\t\n\t\t\t\t\t \n\t\t\t\t"},{"key":"pricePerUnit","value":"(2.48 €/kg)"},{"key":"productDetailsName","value":"Schärdinger Berghof - Creme Joghurt Natur - 400 G"},{"key":"detailsDescription","value":"400 G"},{"key":"articleNumber","value":"Artikelnummer: 3598139"},{"key":"Lagerhinweis:","value":["Vor und nach dem Öffnen gekühlt bei 3-6°C lagern. Nach dem Öffnen innerhalb weniger Tage verbrauchen."]},{"key":"Zutaten:","value":["Zutaten: NATRUJOGHURT. In Großbuchstaben angegebene Zutaten enthalten allergene Inhaltsstoffe."]},{"key":"Allergene:","value":["Enthält:Milch und daraus gewonnene Erzeugnisse (inkl. Laktose)"]},{"key":"Identitätskennzeichen:","value":["AT 30751 EG"]},{"key":"Kontakt:","value":["Berglandmilch","Schubertstraße 30, 4600 Wels, Österreich"]}],"nutritions":[{"key":"","value":"Unzubereitet"},{"key":" ","value":"100 g"},{"key":"Energie","value":"291 kJ | 70 kcal"},{"key":"Fett","value":"4 g"},{"key":"Fett, davon gesättigte Fettsäuren","value":"2,6 g"},{"key":"Kohlenhydrate","value":"4 g"},{"key":"Kohlenhydrate, davon Zucker","value":"4 g"},{"key":"Eiweiß","value":"4,4 g"},{"key":"Salz","value":"0,13 g"}],"tags":[]},
    {"url":"https://www.interspar.at/shop/lebensmittel/p/8202642","data":[{"key":"price","value":"0,39 €"},{"key":"oldPrice","value":"\n\t\t\t\t\t\n\t\t\t\t\tstatt 0,79 €\n\t\t\t\t"},{"key":"pricePerUnit","value":"(2.79 €/kg)"},{"key":"productDetailsName","value":"Müller - Joghurt mit der Ecke Bora Bora - 140 G"},{"key":"detailsDescription","value":"140 G"},{"key":"articleNumber","value":"Artikelnummer: 8202642"},{"key":"Lagerhinweis:","value":["Bei max. 8°C lagern."]},{"key":"Zutaten:","value":["Zutaten: JOGHURT, Fruchtzubereitung (Ananas*, Zucker, Glukose-Fruktose-Sirup, Ananassaft* aus Ananassaftkonzentrat, 1 % Kokosnusspulver, Verdickungsmittel: Johannisbrotkernmehl, Guarkernmehl Pektine; Säuerungsmittel: Citronensäure; färbende Pflanzenkonzentrate (Kürbis, Apfel, Saflor), Säureregulator: Natriumcitrate, Aroma), Zucker, Wasser, MILCHEIWEISS, Dextrose, Aroma. *10,5 % Fruchtgehalt im Endprodukt. In Großbuchstaben angegebene Zutaten enthalten allergene Inhaltstoffe."]},{"key":"Allergene:","value":["Enthält:Milch und daraus gewonnene Erzeugnisse (inkl. Laktose)"]},{"key":"Identitätskennzeichen:","value":["DE SN 016 EG"]},{"key":"Kontakt:","value":["Molkerei Alois Müller GmbH & Co. KG","Zollerstraße 7, 86850 Fischach-Aretsried, Deutschland"]}],"nutritions":[{"key":"","value":"Unzubereitet"},{"key":" ","value":"100 g"},{"key":"Energie","value":"494 kJ | 117 kcal"},{"key":"Fett","value":"2,2 g"},{"key":"Fett, davon gesättigte Fettsäuren","value":"1,5 g"},{"key":"Kohlenhydrate","value":"20,4 g"},{"key":"Kohlenhydrate, davon Zucker","value":"19,7 g"},{"key":"Eiweiß","value":"3 g"},{"key":"Salz","value":"0,14 g"}],"tags":[]},
    {"url":"https://www.interspar.at/shop/lebensmittel/p/2020000586715","data":[{"key":"price","value":"0,35 €"},{"key":"oldPrice","value":"\n\t\t\t\t\t\n\t\t\t\t\t \n\t\t\t\t"},{"key":"pricePerUnit","value":"(1.40 €/kg)"},{"key":"productDetailsName","value":"S-BUDGET - Naturjogurt 3,6% cremig - 250 G"},{"key":"detailsDescription","value":"250 G"},{"key":"articleNumber","value":"Artikelnummer: 2020000586715"},{"key":"Lagerhinweis:","value":["Vor und nach dem Öffnen gekühlt lagern. Nach dem Öffnen sofort verbrauchen."]},{"key":"Zutaten:","value":["Zutaten: JOGURT. In Großbuchstaben angegebene Zutaten enthalten allergene Inhaltsstoffe."]},{"key":"Allergene:","value":["Enthält:Milch und daraus gewonnene Erzeugnisse (inkl. Laktose)"]},{"key":"Identitätskennzeichen:","value":["AT 70149 EG"]},{"key":"Ursprungsland/Herkunftsort:","value":["Qualität aus Österreich"]},{"key":"Kontakt:","value":["SPAR Österr. Warenhandels-AG","Europastraße 3, 5015 Salzburg, Österreich"]}],"nutritions":[{"key":"","value":"Unzubereitet"},{"key":" ","value":"100 g"},{"key":"Energie","value":"264 kJ | 63 kcal"},{"key":"Fett","value":"3,6 g"},{"key":"Fett, davon gesättigte Fettsäuren","value":"2,2 g"},{"key":"Kohlenhydrate","value":"4,1 g"},{"key":"Kohlenhydrate, davon Zucker","value":"4,1 g"},{"key":"Ballaststoffe","value":"0 g"},{"key":"Eiweiß","value":"3,6 g"},{"key":"Salz","value":"0,13 g"},{"key":"Kalzium","value":"130 mg | 16,3 %"},{"key":"Broteinheiten","value":"0,3 BE"}],"tags":[]},
    {"url":"https://www.interspar.at/shop/lebensmittel/p/2020001459698","data":[{"key":"price","value":"1,69 €"},{"key":"oldPrice","value":"\n\t\t\t\t\t\n\t\t\t\t\tstatt 1,99 €\n\t\t\t\t"},{"key":"pricePerUnit","value":"(13.52 €/kg)"},{"key":"productDetailsName","value":"SPAR PREMIUM Edition Johanna Maier - Kürbiskern-Aufstrich - 125 G"},{"key":"detailsDescription","value":"125 G"},{"key":"articleNumber","value":"Artikelnummer: 2020001459698"},{"key":"Lagerhinweis:","value":["Vor und nach dem Öffnen gekühlt lagern bei +2°C bis +6°C. Nach dem Öffnen innerhalb von 3 Tagen genießen!"]},{"key":"Zutaten:","value":["Zutaten: 74% Schulenburg TOPFEN* 20% Fett i.Tr., 13% SAUERRAHM* 15% Fett, 5% Kürbiskerne* gemahlen, 3% steirisches Kürbiskernöl g.g.A., Gewürzzubereitung (Salz unjodiert, Gewürze, Dextrose, Zucker), Knoblauchpüree (Knoblauch, Trinkwasser, Salz unjodiert, Säuerungsmittel: Citronensäure, Zitrusfasern), Weißweinbalsamessig** (Weißwein, Traubensaftkonzentrat), Gewürzextrakte, Flohsamenschalen, Salz unjodiert, Apfelessig**, Pfeffer. In Großbuchstaben angegebene Zutaten enthalten allergene Inhaltsstoffe."]},{"key":"Allergene:","value":["Enthält:Milch und daraus gewonnene Erzeugnisse (inkl. Laktose)"]},{"key":"","value":["einfach OHNE:ohne Konservierungsstoffeohne Farbstoffzusatz"]},{"key":"Identitätskennzeichen:","value":["AT 50737 EG"]},{"key":"Ursprungsland/Herkunftsort:","value":["Sorgfältig hergestellt in Österreich"]},{"key":"Verbrauchen nach dem Öffnen:","value":["3 Tage"]},{"key":"Kontakt:","value":["SPAR Österr. Warenhandels-AG","Europastraße 3, 5015 Salzburg, Österreich","office@spar.at"]}],"nutritions":[{"key":"","value":"Unzubereitet"},{"key":" ","value":"100 g"},{"key":"Energie","value":"668 kJ | 160 kcal"},{"key":"Fett","value":"11 g"},{"key":"Fett, davon gesättigte Fettsäuren","value":"4,3 g"},{"key":"Kohlenhydrate","value":"5 g"},{"key":"Kohlenhydrate, davon Zucker","value":"4,2 g"},{"key":"Ballaststoffe","value":"0,7 g"},{"key":"Eiweiß","value":"9,8 g"},{"key":"Salz","value":"1,2 g"},{"key":"Broteinheiten","value":"0,4 BE"}],"tags":[]},
    {"url":"https://www.interspar.at/shop/lebensmittel/p/2020001459711","data":[{"key":"price","value":"1,69 €"},{"key":"oldPrice","value":"\n\t\t\t\t\t\n\t\t\t\t\tstatt 1,99 €\n\t\t\t\t"},{"key":"pricePerUnit","value":"(13.52 €/kg)"},{"key":"productDetailsName","value":"SPAR PREMIUM Edition Johanna Maier - Ei-Aufstrich - 125 G"},{"key":"detailsDescription","value":"125 G"},{"key":"articleNumber","value":"Artikelnummer: 2020001459711"},{"key":"Lagerhinweis:","value":["Vor und nach dem Öffnen gekühlt lagern bei +2°C bis +6°C. Nach dem Öffnen innerhalb von drei Tagen genießen!"]},{"key":"Zutaten:","value":["Zutaten: 46% Eier eingelegt (HÜHNEREIER, Weingeistessig, Speisesalz unjodiert), 29% Schulenburg TOPFEN 20% Fett i.Tr., 17% Mayonnaise 50% Fett (Rapsöl, Trinkwasser, Zucker, 3,7% pasteurisiertes EIGELB, modifizierte Stärke, Weingeistessig, Gewürze (enthält SENFSAAT), Speisesalz unjodiert, Gewürzextrakte, Säuerungsmittel: Citronensäure; Verdickungsmittel: Xanthan, Guarkernmehl), Schnittlauch, Senf (Trinkwasser, SENFSAAT, Weingeistessig, Zucker, Speisesalz unjodiert, Gewürze), Sardellenpaste (75% SARDELLEN, Speisesalz unjodiert, Rapsöl, Trinkwasser, Gelatine, Säuerungsmittel: Essigsäure; Antioxidationsmittel: Ascorbinsäure), Worcester-Gewürzsauce (Trinkwasser, GERSTENMALZESSIG, Zuckerrohrmelasse, Tamarinde, Speisesalz unjodiert, Zwiebel, Cayennepfeffer, Knoblauch, Gewürznelken, Säuerungsmittel: Citronensäure), Zitronensaft aus Zitronensaftkonzentrat, Zucker, Gewürzsalz (Steinsalz, Feldthymian, Petersilie, Kümmel, Steinpilze, Wacholderbeeren, Brennnesselextrakt, Rosmarin, Zirbenkiefernadelöl), Apfelessig, Steinsalz, Speisesalz jodiert (Speisesalz, Kaliumjodid), Zwiebel, Knoblauch, Gewürze, Kräuter. In Großbuchstaben angegebene Zutaten enthalten allergene Inhaltsstoffe."]},{"key":"Allergene:","value":["Enthält:Eier und daraus gewonnene Erzeugnisse, Fische und daraus gewonnene Erzeugnisse, Glutenhaltiges Getreide und daraus hergestellte Erzeugnisse, Milch und daraus gewonnene Erzeugnisse (inkl. Laktose), Senf und daraus gewonnene Erzeugnisse"]},{"key":"","value":["einfach OHNE:ohne Konservierungsstoffeohne Farbstoffzusatz"]},{"key":"Identitätskennzeichen:","value":["AT 50737 EG"]},{"key":"Ursprungsland/Herkunftsort:","value":["Sorgfältig hergestellt in Österreich"]},{"key":"Verbrauchen nach dem Öffnen:","value":["3 Tage"]},{"key":"Kontakt:","value":["SPAR Österr. Warenhandels-AG","Europastraße 3, 5015 Salzburg, Österreich","office@spar.at"]}],"nutritions":[{"key":"","value":"Unzubereitet"},{"key":" ","value":"100 g"},{"key":"Energie","value":"777 kJ | 187 kcal"},{"key":"Fett","value":"15 g"},{"key":"Fett, davon gesättigte Fettsäuren","value":"2,8 g"},{"key":"Kohlenhydrate","value":"4 g"},{"key":"Kohlenhydrate, davon Zucker","value":"2,5 g"},{"key":"Ballaststoffe","value":"0,5 g"},{"key":"Eiweiß","value":"9,1 g"},{"key":"Salz","value":"0,9 g"}],"tags":[]},
    {"url":"https://www.interspar.at/shop/lebensmittel/p/2020001460861","data":[{"key":"price","value":"1,69 €"},{"key":"oldPrice","value":"\n\t\t\t\t\t\n\t\t\t\t\tstatt 1,99 €\n\t\t\t\t"},{"key":"pricePerUnit","value":"(13.52 €/kg)"},{"key":"productDetailsName","value":"SPAR PREMIUM Edition Johanna Maier - Liptauer - 125 G"},{"key":"detailsDescription","value":"125 G"},{"key":"articleNumber","value":"Artikelnummer: 2020001460861"},{"key":"Lagerhinweis:","value":["Vor und nach dem Öffnen gekühlt lagern bei +2°C bis +6°C. Nach dem Öffnen innerhalb von drei Tagen genießen!"]},{"key":"Zutaten:","value":["Zutaten: 31% Schulenburg TOPFEN 20% Fett i. Tr., 15% BUTTER, 15% SCHAFFRISCHKÄSE 45% Fett i. Tr., 10% CRÈME FRAÎCHE, 10% Mayonnaise 50% Fett (Rapsöl, Trinkwasser, Zucker, 3,7% pasteurisiertes EIGELB, modifizierte Stärke, Weingeistessig, Gewürze (enthält SENFSAAT), Speisesalz unjodiert, Gewürzextrakte, Säuerungsmittel: Citronensäure; Verdickungsmittel: Xanthan, Guarkernmehl), 4% Essiggurken (Salatgurken, Trinkwasser, Weingeistessig, Speisesalz unjodiert, Gewürzextrakte, Süßungsmittel: Saccharin), 4% Paprika, 3% Lauch, Gewürzzubereitung (Gewürze, Speisesalz unjodiert, Zucker, Gewürzextrakte, Säureregulator: Natriumacetate; Säuerungsmittel: Citronensäure; Speisewürze (Raps, Mais)), Zucker, Jalapeño-Chilis eingelegt (Chilischoten, Trinkwasser, Weingeistessig, Zucker, Festigungsmittel: Calciumchlorid), Chili-Sauce (Weingeistessig, Chilischoten, Speisesalz unjodiert), Apfelessig. In Großbuchstaben angegebene Zutaten enthalten allergene Inhaltsstoffe."]},{"key":"Allergene:","value":["Enthält:Eier und daraus gewonnene Erzeugnisse, Milch und daraus gewonnene Erzeugnisse (inkl. Laktose), Senf und daraus gewonnene Erzeugnisse"]},{"key":"","value":["einfach OHNE: ohne Konservierungsstoffeohne Farbstoffzustaz"]},{"key":"Identitätskennzeichen:","value":["AT 32522 EG"]},{"key":"Ursprungsland/Herkunftsort:","value":["Sorgfältig hergestellt in Österreich"]},{"key":"Verbrauchen nach dem Öffnen:","value":["3 Tage"]},{"key":"Kontakt:","value":["SPAR Österr. Warenhandels-AG","Europastraße 3, 5015 Salzburg, Österreich","office@spar.at"]}],"nutritions":[{"key":"","value":"Unzubereitet"},{"key":" ","value":"100 g"},{"key":"Energie","value":"1200 kJ | 290 kcal"},{"key":"Fett","value":"27 g"},{"key":"Fett, davon gesättigte Fettsäuren","value":"13 g"},{"key":"Kohlenhydrate","value":"6,7 g"},{"key":"Kohlenhydrate, davon Zucker","value":"4,8 g"},{"key":"Ballaststoffe","value":"0,6 g"},{"key":"Eiweiß","value":"5 g"},{"key":"Salz","value":"1,6 g"},{"key":"Broteinheiten","value":"0,6 BE"}],"tags":[]},
    {"url":"https://www.interspar.at/shop/lebensmittel/p/2020001461059","data":[{"key":"price","value":"1,69 €"},{"key":"oldPrice","value":"\n\t\t\t\t\t\n\t\t\t\t\tstatt 1,99 €\n\t\t\t\t"},{"key":"pricePerUnit","value":"(13.52 €/kg)"},{"key":"productDetailsName","value":"SPAR PREMIUM Edition Johanna Maier - Wildkräuter-Aufstrich - 125 G"},{"key":"detailsDescription","value":"125 G"},{"key":"articleNumber","value":"Artikelnummer: 2020001461059"},{"key":"Lagerhinweis:","value":["Vor und nach dem Öffnen gekühlt lagern bei +2°C bis +6°C. Nach dem Öffnen innerhalb von drei Tagen genießen!"]},{"key":"Zutaten:","value":["Zutaten: 58% Schulenburg TOPFEN 20% Fett i.Tr., 18% Mayonnaise 50% Fett (Rapsöl, Trinkwasser, Zucker, 3,7% pasteursiertes EIGELB, modifizierte Stärke, Weingeistessig, Gewürze (enthält SENFSAAT), Salz unjodiert, Gewürzextrakte, Säuerungsmittel: Citronensäure, Verdickungsmittel: Xanthan, Guarkernmehl), 12% SAUERRAHM 15% Fett, 10% CRÈME FRAÎCHE, Petersilie, Tomaten, Steinsalz, Gewürze, Zitronenextrakt, 0,3% Giersch, Salz unjodiert, Apfelessig, Oregano. In Großbuchstaben angegebene Zutaten enthalten allergene Inhaltsstoffe."]},{"key":"Allergene:","value":["Enthält:Eier und daraus gewonnene Erzeugnisse, Milch und daraus gewonnene Erzeugnisse (inkl. Laktose), Senf und daraus gewonnene Erzeugnisse"]},{"key":"","value":["einfach OHNE:ohne Konservierungsstoffeohne Farbstoffzusatz"]},{"key":"Identitätskennzeichen:","value":["AT 50737 EG"]},{"key":"Ursprungsland/Herkunftsort:","value":["Sorgfältig hergestellt in Österreich"]},{"key":"Verbrauchen nach dem Öffnen:","value":["3 Tage"]},{"key":"Kontakt:","value":["SPAR Österr. Warenhandels-AG","Europastraße 3, 5015 Salzburg, Österreich","office@spar.at"]}],"nutritions":[{"key":"","value":"Unzubereitet"},{"key":" ","value":"100 g"},{"key":"Energie","value":"848 kJ | 204 kcal"},{"key":"Fett","value":"17 g"},{"key":"Fett, davon gesättigte Fettsäuren","value":"5,9 g"},{"key":"Kohlenhydrate","value":"5,1 g"},{"key":"Kohlenhydrate, davon Zucker","value":"3,1 g"},{"key":"Ballaststoffe","value":"0,5 g"},{"key":"Eiweiß","value":"6,8 g"},{"key":"Salz","value":"0,63 g"},{"key":"Broteinheiten","value":"0,4 BE"}],"tags":[]},
    {"url":"https://www.interspar.at/shop/lebensmittel/p/2020001811922","data":[{"key":"price","value":"1,99 €"},{"key":"oldPrice","value":"\n\t\t\t\t\t\n\t\t\t\t\t \n\t\t\t\t"},{"key":"pricePerUnit","value":"(15.92 €/kg)"},{"key":"productDetailsName","value":"SPAR PREMIUM Edition Johanna Maier - Habibi-Aufstrich mit Curry Kurkuma und Paprika - 125 G"},{"key":"detailsDescription","value":"125 G"},{"key":"articleNumber","value":"Artikelnummer: 2020001811922"},{"key":"Lagerhinweis:","value":["Vor und nach dem Öffnen gekühlt lagern bei +2°C bis +6°C. Nach dem Öffnen innerhalb von drei Tagen genießen!"]},{"key":"Zutaten:","value":["Zutaten: 65% Schulenburg TOPFEN* 20% F.i.T., 13% Mayonnaise 50% Fett (Rapsöl, Trinkwasser, Zucker, 3,7%*** pasteurisiertes EIGELB**, modifizierte Stärke, Weingeistessig, Gewürze (enthält SENFSAAT), Salz unjodiert, Gewürzextrakte, Säuerungsmittel: Citronensäure, Verdickungsmittel: Xanthan, Guarkernmehl), 10% CRÈME FRAÎCHE*, 4% gelbe Currypaste (rote Chili, Schalotten, Knoblauch, Zitronengras, Salz unjodiert, Galgant, Kurkuma, Kreuzkümmel, Koriandersamen, Zimt, Muskatblüte), 2% Paprika eingelegt (Paprika, Zucker, Weingeistessig, Salz unjodiert, Antioxidationsmittel: Ascorbinsäure, Citronensäure; Festigungsmittel: Calciumchlorid), Weißweinbalsamessig (Weißwein, Traubensaftkonzentrat), Gewürzextrakte, Steinsalz*, Salz unjodiert, Flohsamenschalen, Kurkuma, Apfelessig*****, Koriander, Ingwer, Zwiebel, SENFSAAT, Paprika, Bockshornklee, Kümmel, Knoblauch, Muskatnuss, Rosmarin, Zimt, Piment, Chili, Fenchel, Pfeffer, Nelken, Oregano, Majoran, Kreuzkümmel, Anis. *aus Österreich / **Eier aus Freilandhaltung / ***Anteil bezogen auf die Mayonnaise / *****von Alois Gölles. In Großbuchstaben angegebene Zutaten enthalten allergene Inhaltsstoffe."]},{"key":"Allergene:","value":["Enthält:Eier und daraus gewonnene Erzeugnisse, Milch und daraus gewonnene Erzeugnisse (inkl. Laktose), Senf und daraus gewonnene Erzeugnisse"]},{"key":"","value":["einfach OHNE: - ohne Konservierungsstoffe- ohne Farbstoffzusatz"]},{"key":"Identitätskennzeichen:","value":["AT 32522 EG"]},{"key":"Ursprungsland/Herkunftsort:","value":["Sorgfälltig hergestellt in Österreich"]},{"key":"Verbrauchen nach dem Öffnen:","value":["3 Tage"]},{"key":"Kontakt:","value":["SPAR Österr. Warenhandels-AG","Europastraße 3, 5015 Salzburg, Österreich","office@spar.at"]}],"nutritions":[{"key":"","value":"Unzubereitet"},{"key":" ","value":"100 g"},{"key":"Energie","value":"741 kJ | 178 kcal"},{"key":"Fett","value":"13 g"},{"key":"Fett, davon gesättigte Fettsäuren","value":"4,5 g"},{"key":"Kohlenhydrate","value":"6,1 g"},{"key":"Kohlenhydrate, davon Zucker","value":"4,6 g"},{"key":"Ballaststoffe","value":"0,6 g"},{"key":"Eiweiß","value":"7,7 g"},{"key":"Salz","value":"1,6 g"},{"key":"Broteinheiten","value":"0,5 BE"}],"tags":["Gekühlt"]},
    {"url":"https://www.interspar.at/shop/lebensmittel/p/2020000585749","data":[{"key":"price","value":"0,69 €"},{"key":"oldPrice","value":"\n\t\t\t\t\t\n\t\t\t\t\t \n\t\t\t\t"},{"key":"pricePerUnit","value":"(6.90 €/kg)"},{"key":"productDetailsName","value":"Ehrmann Almighurt - praktisch & lecker Erdbeere - 100 G"},{"key":"detailsDescription","value":"100 G"},{"key":"articleNumber","value":"Artikelnummer: 2020000585749"},{"key":"Lagerhinweis:","value":["Bei maximal + 8 °C lagern."]},{"key":"Zutaten:","value":["Zutaten: JOGHURT mild, Zucker, Erdbeeren, modifizierte Stärke, färbendes Karottenkonzentrat, Verdickungsmittel: Pektine, Guarkernmehl; Aroma. In Großbuchstaben angegebene Zutaten enthalten allergene Inhaltsstoffe."]},{"key":"Allergene:","value":["Enthält:Milch und daraus gewonnene Erzeugnisse (inkl. Laktose)"]},{"key":"Identitätskennzeichen:","value":["DE BY 77727 EG"]},{"key":"Kontakt:","value":["Ehrmann AG","Hauptstraße 19, 87770 Oberschönegg, Deutschland"]}],"nutritions":[{"key":"","value":"Unzubereitet"},{"key":" ","value":"100 g"},{"key":"Energie","value":"401 kJ | 95 kcal"},{"key":"Fett","value":"2,8 g"},{"key":"Fett, davon gesättigte Fettsäuren","value":"1,8 g"},{"key":"Kohlenhydrate","value":"14,5 g"},{"key":"Kohlenhydrate, davon Zucker","value":"13,5 g"},{"key":"Eiweiß","value":"3 g"},{"key":"Salz","value":"0,13 g"}],"tags":[]},
    {"url":"https://www.interspar.at/shop/lebensmittel/p/2020000586227","data":[{"key":"price","value":"0,69 €"},{"key":"oldPrice","value":"\n\t\t\t\t\t\n\t\t\t\t\t \n\t\t\t\t"},{"key":"pricePerUnit","value":"(6.90 €/kg)"},{"key":"productDetailsName","value":"Ehrmann Almighurt - praktisch & lecker Himbeere - 100 G"},{"key":"detailsDescription","value":"100 G"},{"key":"articleNumber","value":"Artikelnummer: 2020000586227"},{"key":"Lagerhinweis:","value":["Bei maximal + 8 °C lagern."]},{"key":"Zutaten:","value":["Zutaten: JOGHURT mild, Zucker, Himbeeren, modifizierte Stärke, färbendes Karottenkonzentrat, Verdickungsmittel: Pektine, Guarkernmehl; Aroma. In Großbuchstaben angegebene Zutaten enthalten allergene Inhaltsstoffe."]},{"key":"Allergene:","value":["Enthält:Milch und daraus gewonnene Erzeugnisse (inkl. Laktose)"]},{"key":"Identitätskennzeichen:","value":["DE BY 77727 EG"]},{"key":"Kontakt:","value":["Ehrmann AG","Hauptstraße 19, 87770 Oberschönegg, Deutschland"]}],"nutritions":[{"key":"","value":"Unzubereitet"},{"key":" ","value":"100 g"},{"key":"Energie","value":"401 kJ | 95 kcal"},{"key":"Fett","value":"2,8 g"},{"key":"Fett, davon gesättigte Fettsäuren","value":"1,8 g"},{"key":"Kohlenhydrate","value":"14,5 g"},{"key":"Kohlenhydrate, davon Zucker","value":"13,5 g"},{"key":"Eiweiß","value":"3 g"},{"key":"Salz","value":"0,13 g"}],"tags":[]},
    {"url":"https://www.interspar.at/shop/lebensmittel/p/2020000669012","data":[{"key":"price","value":"1,39 €"},{"key":"oldPrice","value":"\n\t\t\t\t\t\n\t\t\t\t\t \n\t\t\t\t"},{"key":"pricePerUnit","value":"(6.95 €/kg)"},{"key":"productDetailsName","value":"Schärdinger - Knusper Traum Natur - 200 G"},{"key":"detailsDescription","value":"200 G"},{"key":"articleNumber","value":"Artikelnummer: 2020000669012"},{"key":"Lagerhinweis:","value":["Gekühlt bei max. + 6°C lagern."]},{"key":"Zutaten:","value":["Zutaten: JOGHURT, 10% Müslimischung (HAFERVOLLKORNFLOCKEN, Zucker, 1% gefriergetrocknete Erdbeerstücke, Palmöl, Reismehl, Mais, WEIZENVOLLKORNMEHL, Kokosraspel, Honig, Maltodextrin, Salz, WEIZENKLEBER, WEIZENMALZMEHL, Maisstärke, WEIZENKLEIE, Karamellsirup, GERSTENMALZEXTRAKT, Aroma, GERSTENMALZMEHL, Emulgator: Lecithin). In Großbuchstaben angegebene Zutaten enthalten allergene Inhaltstoffe."]},{"key":"Allergene:","value":["Enthält:Glutenhaltiges Getreide und daraus hergestellte Erzeugnisse, Milch und daraus gewonnene Erzeugnisse (inkl. Laktose)"]},{"key":"Identitätskennzeichen:","value":["AT 70149 EG"]},{"key":"Kontakt:","value":["Berglandmilch eGen","Schubertstraße 30, 4600 Wels, Österreich"]}],"nutritions":[{"key":"","value":"Unzubereitet"},{"key":" ","value":"100 g"},{"key":"Energie","value":"447 kJ | 107 kcal"},{"key":"Fett","value":"4,7 g"},{"key":"Fett, davon gesättigte Fettsäuren","value":"2,7 g"},{"key":"Kohlenhydrate","value":"11 g"},{"key":"Kohlenhydrate, davon Zucker","value":"6,8 g"},{"key":"Eiweiß","value":"4,8 g"},{"key":"Salz","value":"0,21 g"}],"tags":[]},
    {"url":"https://www.interspar.at/shop/lebensmittel/p/2020001004966","data":[{"key":"price","value":"1,99 €"},{"key":"oldPrice","value":"\n\t\t\t\t\t\n\t\t\t\t\t \n\t\t\t\t"},{"key":"pricePerUnit","value":"(4.15 €/kg)"},{"key":"productDetailsName","value":"Danone Activia - Joghurt Himbeer-Pfirsich 4 x 120g - 480 G"},{"key":"detailsDescription","value":"480 G"},{"key":"articleNumber","value":"Artikelnummer: 2020001004966"},{"key":"Lagerhinweis:","value":["Kühl bei maximal +8°C lagern."]},{"key":"Zutaten:","value":["Zutaten: JOGHURT, Zucker, 5% Pfirsich, 4% Himbeeren, färbendes Konzentrat, schwarze Karotte, natürliches Aroma. Mit Bifidus Kultur ActiRegularis®. In Großbuchstaben angegebene Zutaten enthalten allergene Inhaltsstoffe."]},{"key":"Allergene:","value":["Kann Spuren enthalten von:Glutenhaltiges Getreide und daraus hergestellte Erzeugnisse, Schalenfrüchte und daraus gewonnene Erzeugnisse","Enthält:Milch und daraus gewonnene Erzeugnisse (inkl. Laktose)"]},{"key":"Identitätskennzeichen:","value":["Benesov CZ 01 ES"]},{"key":"Kontakt:","value":["Danone GmbH","Technologiestraße 10, 1120 Wien, Österreich"]}],"nutritions":[{"key":" ","value":"100 g"},{"key":"","value":"Unzubereitet"},{"key":"Energie","value":"380 kJ | 90 kcal | 5 %"},{"key":"Fett","value":"2,7 g | 4 %"},{"key":"Fett, davon gesättigte Fettsäuren","value":"1,7 g | 9 %"},{"key":"Kohlenhydrate","value":"12,8 g | 5 %"},{"key":"Kohlenhydrate, davon Zucker","value":"12,1 g | 14 %"},{"key":"Eiweiß","value":"3,6 g | 8 %"},{"key":"Salz","value":"0,13 g | 2 %"},{"key":"Kalzium","value":"120 mg | 15 %"}],"tags":["immer Billig"]},
    {"url":"https://www.interspar.at/shop/lebensmittel/p/2020001370740","data":[{"key":"price","value":"1,95 €"},{"key":"oldPrice","value":"\n\t\t\t\t\t\n\t\t\t\t\t \n\t\t\t\t"},{"key":"pricePerUnit","value":"(3.90 €/l)"},{"key":"productDetailsName","value":"Rama Culinesse - Pflanzencreme mit feiner Butternote - 0,5 L"},{"key":"detailsDescription","value":"0,5 L"},{"key":"articleNumber","value":"Artikelnummer: 2020001370740"},{"key":"Lagerhinweis:","value":["Nach dem Öffnen im Kühlschrank aufbewahren. Zwischen +2°C und +15°C lagern."]},{"key":"Zutaten:","value":["Zutaten: pflanzliche Öle (Raps, Sonnenblumen, Raps ganz gehärtet), Trinkwasser, MOLKENERZEUGNIS, Speisesalz (1,5%),  Emulgator: Lecithine (SOJA), Konservierungsstoff: Kaliumsorbat, Aromen (mit Milch), Säuerungsmittel: Citronensäure, Vitamine A, D; Farbstoff: Carotine. In Großbuchstaben angegebene Zutaten enthalten allergene Inhaltsstoffe."]},{"key":"Allergene:","value":["Enthält:Milch und daraus gewonnene Erzeugnisse (inkl. Laktose), Sojabohnen und daraus gewonnene Erzeugnisse"]},{"key":"","value":["mit wertvollen Omega-3- und 6-Fettsäuren, Rama Pflanzencreme enthält hochwertige Pflanzenöle, erleichtert das Braten, da es kaum spritzt oder anbrennt, mit feiner Butternote, ohne künstliche Farbstoffe und Aromen, verleiht jedem Gericht eine feine Butternote"]},{"key":"Zubereitung:","value":["VerzehrfertigVor Gebrauch gut schütteln. - Zum Braten Die ideale Brattemperatur ist erreicht, wenn die Bläschen verschwinden. - Zum Kochen Verfeinern & Abschmelzen - Zum Backen 100g (110ml) ersetzen 100 g Butter/Margarine. Nicht zum Frittieren geeignet."]},{"key":"Kontakt:","value":["Unilever Austria GmbH","Stella-Klein-Löw-Weg 13, 1023 Wien, Österreich"]}],"nutritions":[{"key":"","value":"Unzubereitet"},{"key":" ","value":"100 ml"},{"key":"Energie","value":"2635 kJ | 629 kcal"},{"key":"Fett","value":"71 g"},{"key":"Fett, davon gesättigte Fettsäuren","value":"7,2 g"},{"key":"Fett, davon einfach ungesättigte Fettsäuren","value":"42 g"},{"key":"Fett, davon mehrfach ungesättigte Fettsäuren","value":"21 g"},{"key":"Kohlenhydrate","value":"< 0,5 g"},{"key":"Kohlenhydrate, davon Zucker","value":"< 0,5 g"},{"key":"Eiweiß","value":"< 0,5 g"},{"key":"Salz","value":"1,3 g"},{"key":"Vitamin A","value":"720 µg"},{"key":"Vitamin D","value":"6,8 µg"},{"key":"Vitamin E","value":"15 mg"}],"tags":[]},
    {"url":"https://www.interspar.at/shop/lebensmittel/p/2020001406388","data":[{"key":"price","value":"1,99 €"},{"key":"oldPrice","value":"\n\t\t\t\t\t\n\t\t\t\t\t \n\t\t\t\t"},{"key":"pricePerUnit","value":"(4.15 €/kg)"},{"key":"productDetailsName","value":"Danone Activia - Quinoa & Sonnenblumenkerne 4 x 120g - 480 G"},{"key":"detailsDescription","value":"480 G"},{"key":"articleNumber","value":"Artikelnummer: 2020001406388"},{"key":"Lagerhinweis:","value":["Bei maximal +8 °C lagern."]},{"key":"Zutaten:","value":["Zutaten: JOGHURT, Zucker, Oligofruktose, 1,4% Quinoa, 0,9% HASELNÜSSE, 0,6% GERSTE, 0,6% Buchweizen, 0,6% Sonnenblumenkerne, 0,5% Leinsamen, natürliches Aroma. Mit Bifidus Kultur ActiRegularis® (Bifidobacterium lactis). In Großbuchstaben angegebene Zutaten enthalten allergene Inhaltstoffe."]},{"key":"Allergene:","value":["Kann Spuren von Mandeln und Walnüssen enthalten.","Kann Spuren enthalten von:Schalenfrüchte und daraus gewonnene Erzeugnisse","Enthält:Glutenhaltiges Getreide und daraus hergestellte Erzeugnisse, Milch und daraus gewonnene Erzeugnisse (inkl. Laktose), Schalenfrüchte und daraus gewonnene Erzeugnisse"]},{"key":"Identitätskennzeichen:","value":["Benesov CZ 01 ES"]},{"key":"Kontakt:","value":["Danone GmbH","Technologiestraße 10, 1120 Wien, Österreich"]}],"nutritions":[{"key":"","value":"Unzubereitet"},{"key":" ","value":"100 g"},{"key":"Energie","value":"494 kJ | 118 kcal | 7 %"},{"key":"Fett","value":"4,4 g | 8 %"},{"key":"Fett, davon gesättigte Fettsäuren","value":"2,3 g | 9 %"},{"key":"Kohlenhydrate","value":"14,1 g | 5 %"},{"key":"Kohlenhydrate, davon Zucker","value":"12,3 g | 14 %"},{"key":"Ballaststoffe","value":"1,8 g | 5 %"},{"key":"Eiweiß","value":"4,2 g | 7 %"},{"key":"Salz","value":"0,13 g | 3 %"},{"key":"Kalzium","value":"124 mg | 15 %"}],"tags":["immer Billig"]},
    {"url":"https://www.interspar.at/shop/lebensmittel/p/2020001681020","data":[{"key":"price","value":"0,79 €"},{"key":"oldPrice","value":"\n\t\t\t\t\t\n\t\t\t\t\t \n\t\t\t\t"},{"key":"pricePerUnit","value":"(5.27 €/kg)"},{"key":"productDetailsName","value":"Landliebe - Joghurt auf Erdbeeren Laktosefrei - 150 G"},{"key":"detailsDescription","value":"150 G"},{"key":"articleNumber","value":"Artikelnummer: 2020001681020"},{"key":"Lagerhinweis:","value":["Bei +8 °C lagern."]},{"key":"Zutaten:","value":["Zutaten: JOGHURT, Erdbeeren**, Zucker, Erdbeersaft** aus Erdbeersaftkonzentrat, modifizierte Stärke, färbendes Pflanzenkonzentrat (Rote Bete),  natürliches Aroma, Verdickungsmittel: Pektine, Säureregulator: Natriumcitrate, Laktase. **Frucht im Endprodukt: 12%. In Großbuchstaben angegebene Zutaten enthalten allergene Inhaltstoffe."]},{"key":"Allergene:","value":["Enthält:Milch und daraus gewonnene Erzeugnisse (inkl. Laktose)"]},{"key":"","value":["Laktosefrei"]},{"key":"Identitätskennzeichen:","value":["DE BW 033 EG"]},{"key":"Kontakt:","value":["Campina Austria Handelsgesellschaft m.b.H.","Bahnhofstraße 160, 8950 Stainach, Österreich"]}],"nutritions":[{"key":"","value":"Unzubereitet"},{"key":" ","value":"100 g"},{"key":"Energie","value":"404 kJ | 96 kcal"},{"key":"Fett","value":"3,1 g"},{"key":"Fett, davon gesättigte Fettsäuren","value":"2,1 g"},{"key":"Kohlenhydrate","value":"13 g"},{"key":"Kohlenhydrate, davon Zucker","value":"12 g"},{"key":"Eiweiß","value":"3,9 g"},{"key":"Salz","value":"0,14 g"}],"tags":["Lactosefrei"]},
    {"url":"https://www.interspar.at/shop/lebensmittel/p/2020001681082","data":[{"key":"price","value":"0,79 €"},{"key":"oldPrice","value":"\n\t\t\t\t\t\n\t\t\t\t\t \n\t\t\t\t"},{"key":"pricePerUnit","value":"(5.27 €/kg)"},{"key":"productDetailsName","value":"Landliebe - Joghurt auf Pfirsich-Maracuja Laktosefrei - 150 G"},{"key":"detailsDescription","value":"150 G"},{"key":"articleNumber","value":"Artikelnummer: 2020001681082"},{"key":"Lagerhinweis:","value":["Bei +8 °C lagern."]},{"key":"Zutaten:","value":["Zutaten: JOGHURT, Zucker, Pfirsiche**, Maracujasaft** aus Maracujasaftkonzentrat, Pfirsichsaft** aus Pfirsichsaftkonzentrat, modifizierte Stärke, Verdickungsmittel: Pektine, Zitronensaftkonzentrat, Säureregulator: Natriumcitrate, natürliches Aroma, Laktase. **Frucht im Endprodukt: 11%. In Großbuchstaben angegebene Zutaten enthalten allergene Inhaltstoffe."]},{"key":"Allergene:","value":["Enthält:Milch und daraus gewonnene Erzeugnisse (inkl. Laktose)"]},{"key":"","value":["Laktosefrei"]},{"key":"Identitätskennzeichen:","value":["DE BW 033 EG"]},{"key":"Kontakt:","value":["Campina Austria Handelsgesellschaft m.b.H.","Bahnhofstraße 160, 8950 Stainach, Österreich"]}],"nutritions":[{"key":"","value":"Unzubereitet"},{"key":" ","value":"100 g"},{"key":"Energie","value":"421 kJ | 100 kcal"},{"key":"Fett","value":"3,1 g"},{"key":"Fett, davon gesättigte Fettsäuren","value":"2,1 g"},{"key":"Kohlenhydrate","value":"14 g"},{"key":"Kohlenhydrate, davon Zucker","value":"13 g"},{"key":"Eiweiß","value":"3,9 g"},{"key":"Salz","value":"0,15 g"}],"tags":["Lactosefrei"]},
    {"url":"https://www.interspar.at/shop/lebensmittel/p/2020001681099","data":[{"key":"price","value":"0,79 €"},{"key":"oldPrice","value":"\n\t\t\t\t\t\n\t\t\t\t\t \n\t\t\t\t"},{"key":"pricePerUnit","value":"(5.27 €/kg)"},{"key":"productDetailsName","value":"Landliebe - Joghurt auf Himbeeren Laktosefrei - 150 G"},{"key":"detailsDescription","value":"150 G"},{"key":"articleNumber","value":"Artikelnummer: 2020001681099"},{"key":"Lagerhinweis:","value":["Bei +8 °C lagern."]},{"key":"Zutaten:","value":["Zutaten: JOGHURT, Zucker, Himbeeren**, Himbeersaft** aus Himbeersaftkonzentrat, modifizierte Stärke, färbende Pflanzenkonzentrate (Rote Bete, Karotte), Säureregulator: Natriumcitrate, Verdickungsmittel: Pektine, natürliches Aroma, Zitronensaftkonzentrat, Laktase. **Frucht im Endprodukt: 10%. In Großbuchstaben angegebene Zutaten enthalten allergene Inhaltstoffe."]},{"key":"Allergene:","value":["Enthält:Milch und daraus gewonnene Erzeugnisse (inkl. Laktose)"]},{"key":"","value":["Laktosefrei"]},{"key":"Identitätskennzeichen:","value":["DE BW 033 EG"]},{"key":"Kontakt:","value":["Campina Austria Handelsgesellschaft m.b.H.","Bahnhofstraße 160, 8950 Stainach, Österreich"]}],"nutritions":[{"key":"","value":"Unzubereitet"},{"key":" ","value":"100 g"},{"key":"Energie","value":"422 kJ | 100 kcal"},{"key":"Fett","value":"3,1 g"},{"key":"Fett, davon gesättigte Fettsäuren","value":"2,1 g"},{"key":"Kohlenhydrate","value":"14 g"},{"key":"Kohlenhydrate, davon Zucker","value":"13 g"},{"key":"Eiweiß","value":"3,9 g"},{"key":"Salz","value":"0,19 g"}],"tags":["Lactosefrei"]},
    {"url":"https://www.interspar.at/shop/lebensmittel/p/2031231","data":[{"key":"price","value":"1,99 €"},{"key":"oldPrice","value":"\n\t\t\t\t\t\n\t\t\t\t\t \n\t\t\t\t"},{"key":"pricePerUnit","value":"(3.98 €/kg)"},{"key":"productDetailsName","value":"Danone Disney - Joghurt Kirsche-Vanille 4 x 125g - 500 G"},{"key":"detailsDescription","value":"500 G"},{"key":"articleNumber","value":"Artikelnummer: 2031231"},{"key":"Lagerhinweis:","value":["Kühl bei maximal + 8°C lagern."]},{"key":"Zutaten:","value":["Zutaten: JOGHURT, Zucker, Fruktose, Kirschsaft aus Kirschsaftkonzentrat, färbende Konzentrate Karotte, Kürbis und Traube und schwarze Karotte, natürliches Vanillearoma, natürliches Aroma, Verdickungsmittel Pektin. In Großbuchstaben angegebene Zutaten enthalten allergene Inhaltsstoffe."]},{"key":"Allergene:","value":["Enthält:Milch und daraus gewonnene Erzeugnisse (inkl. Laktose)"]},{"key":"Identitätskennzeichen:","value":["DE BY-601 EG"]},{"key":"Kontakt:","value":["Danone GmbH","Technologiestraße 10, 1120 Wien, Österreich"]}],"nutritions":[{"key":"","value":"Unzubereitet"},{"key":" ","value":"100 g"},{"key":"Energie","value":"406 kJ | 96 kcal | 5 %"},{"key":"Fett","value":"2,9 g | 4 %"},{"key":"Fett, davon gesättigte Fettsäuren","value":"1,9 g | 10 %"},{"key":"Kohlenhydrate","value":"13,8 g | 5 %"},{"key":"Kohlenhydrate, davon Zucker","value":"13,5 g | 15 %"},{"key":"Eiweiß","value":"3,5 g | 7 %"},{"key":"Salz","value":"0,13 g | 2 %"},{"key":"Kalzium","value":"120 mg | 15 %"}],"tags":[]},
    {"url":"https://www.interspar.at/shop/lebensmittel/p/2185163","data":[{"key":"price","value":"2,99 €"},{"key":"oldPrice","value":"\n\t\t\t\t\t\n\t\t\t\t\t \n\t\t\t\t"},{"key":"pricePerUnit","value":"(0.50 €/Stück)"},{"key":"productDetailsName","value":"Toni's - Freilandeier Größe M - 6 STK"},{"key":"detailsDescription","value":"6 STK"},{"key":"articleNumber","value":"Artikelnummer: 2185163"},{"key":"Lagerhinweis:","value":["Bei Kühlschranktemperatur aufbewahren."]},{"key":"Zutaten:","value":["Zutaten: EIER. In Großbuchstaben angegebene Zutaten enthalten allergene Inhaltsstoffe."]},{"key":"Allergene:","value":["Enthält:Eier und daraus gewonnene Erzeugnisse"]},{"key":"Identitätskennzeichen:","value":["AT 61436 EG"]},{"key":"Zusatztext:","value":["Information zur Einzeleikennzeichnung:Der auf den Eiern aufgestempelte Erzeugercode setzt sich zusammen aus dem Code der Haltungsform:0 = biologische Produktion, 1 = Freilandhaltung, 2 = Bodenhaltung, 3 = Käfighaltung, dem Ursprungslandder Eier: AT = Österreich und der individuellen Betriebsnummer des Legebetriebs."]},{"key":"Ursprungsland/Herkunftsort:","value":["Österreich"]},{"key":"Verwendungshinweis:","value":["Nach Ablauf des Mindesthaltbarkeitsdatums durcherhitzen."]},{"key":"Kontakt:","value":["Toni Hubmann","Glein 14, 8720 Knittelfeld, Österreich"]}],"nutritions":[],"tags":["Glutenfrei","Lactosefrei","immer Billig"]},
    {"url":"https://www.interspar.at/shop/lebensmittel/p/2448299","data":[{"key":"price","value":"1,95 €"},{"key":"oldPrice","value":"\n\t\t\t\t\t\n\t\t\t\t\t \n\t\t\t\t"},{"key":"pricePerUnit","value":"(3.90 €/l)"},{"key":"productDetailsName","value":"Rama - Culinesse Olive - 0,5 L"},{"key":"detailsDescription","value":"0,5 L"},{"key":"articleNumber","value":"Artikelnummer: 2448299"},{"key":"Lagerhinweis:","value":["Beste Lagerung zwischen +2 °C und +15 °C. Nach dem Öffnen im Kühlschrank aufbewahren."]},{"key":"Zutaten:","value":["Zutaten: Pflanzliche Öle (Raps, Raps ganz gehärtet), 16% Olivenöl, Trinkwasser, Speisesalz (1,5%), Emulgator: Lecithine (mit SOJA), Aromen, Farbstoff: Carotine, Vitamine (A, D), Säuerungsmittel: Citronensäure. In Großbuchstaben angegebene Zutaten enthalten allergene Inhaltsstoffe."]},{"key":"Allergene:","value":["Enthält:Sojabohnen und daraus gewonnene Erzeugnisse"]},{"key":"Zubereitung:","value":["VerzehrfertigRama Culinesse Olive in der Pfanne erhitzen und warten bis die Bläschen verschwinden. Nun ist die ideale Temperatur erreicht, um das Bratgut (bitte stets gut abtrocknen) in die Pfanne zu geben."]},{"key":"Verwendungshinweis:","value":["Vor Gebrauch gut schütteln. Nicht zum Frittieren geeignet."]},{"key":"Kontakt:","value":["Unilever Austria GmbH","Stella-Klein-Löw-Weg 13, Postfach 10, 1023 Wien, Österreich"]}],"nutritions":[{"key":"","value":"Unzubereitet"},{"key":" ","value":"100 ml"},{"key":"Energie","value":"2715 kJ | 640 kcal"},{"key":"Fett","value":"73 g"},{"key":"Fett, davon gesättigte Fettsäuren","value":"8,5 g"},{"key":"Kohlenhydrate","value":"< 0,5 g"},{"key":"Kohlenhydrate, davon Zucker","value":"0 g"},{"key":"Eiweiß","value":"0 g"},{"key":"Salz","value":"1,3 g"},{"key":"Vitamin A","value":"716 µg"},{"key":"Vitamin D","value":"6,7 µg"},{"key":"Vitamin E","value":"12 mg"}],"tags":["Lactosefrei"]},
    {"url":"https://www.interspar.at/shop/lebensmittel/p/7706820","data":[{"key":"price","value":"1,95 €"},{"key":"oldPrice","value":"\n\t\t\t\t\t\n\t\t\t\t\t \n\t\t\t\t"},{"key":"pricePerUnit","value":"(3.90 €/l)"},{"key":"productDetailsName","value":"Rama Culinesse - Pflanzencreme mit hochwertigem Rapsöl - 0,5 L"},{"key":"detailsDescription","value":"0,5 L"},{"key":"articleNumber","value":"Artikelnummer: 7706820"},{"key":"Lagerhinweis:","value":["Nach dem Öffnen im Kühlschrank aufbewahren. Zwischen +2°C und +15°C lagern."]},{"key":"Zutaten:","value":["Zutaten: pflanzliche Öle (72% Raps, Sonnenblumen, Raps ganz gehärtet), Trinkwasser, Speisesalz (1,5 %), Emulgator: Lecithine (SOJA), Aromen, Säuerungsmittel: Citronensäure, Vitamine (A, D), Farbstoff: Carotine. In Großbuchstaben angegebene Zutaten enthalten allergene Inhaltsstoffe."]},{"key":"Allergene:","value":["Enthält:Sojabohnen und daraus gewonnene Erzeugnisse"]},{"key":"","value":["ohne Konservierungsstoffe, hoch erhitzbar und spritzt weniger, Rama Pflanzencreme enthält hochwertige Pflanzenöle , ohne künstliche Farbstoffe und Aromen, vegetarisch, mit hochwertigem Rapsöl, mit wertvollen Omega-3- und 6-Fettsäuren"]},{"key":"Zubereitung:","value":["VerzehrfertigVor Gebrauch gut schütteln. - Zum Braten  Die ideale Brattemperatur ist erreicht, wenn die Bläschen verschwinden.  - Zum Kochen  Verfeinern & Abschmelzen - Zum Backen  100g (110ml) ersetzen 100 g Butter/Margarine. Nicht zum Frittieren geeignet."]},{"key":"Kontakt:","value":["Unilever Austria GmbH","Stella-Klein-Löw-Weg 13, 1023 Wien, Österreich"]}],"nutritions":[{"key":"","value":"Unzubereitet"},{"key":" ","value":"100 ml"},{"key":"Energie","value":"2630 kJ | 629 kcal"},{"key":"Fett","value":"71 g"},{"key":"Fett, davon gesättigte Fettsäuren","value":"7,1 g"},{"key":"Fett, davon einfach ungesättigte Fettsäuren","value":"42 g"},{"key":"Fett, davon mehrfach ungesättigte Fettsäuren","value":"21 g"},{"key":"Kohlenhydrate","value":"< 0,5 g"},{"key":"Kohlenhydrate, davon Zucker","value":"< 0,5 g"},{"key":"Eiweiß","value":"< 0 g"},{"key":"Salz","value":"1,3 g"},{"key":"Vitamin A","value":"720 µg"},{"key":"Vitamin D","value":"6,8 µg"},{"key":"Vitamin E","value":"15 mg"}],"tags":["Glutenfrei","Lactosefrei"]},
    {"url":"https://www.interspar.at/shop/lebensmittel/p/7996252","data":[{"key":"price","value":"1,35 €"},{"key":"oldPrice","value":"\n\t\t\t\t\t\n\t\t\t\t\t \n\t\t\t\t"},{"key":"pricePerUnit","value":"(2.70 €/kg)"},{"key":"productDetailsName","value":"Landliebe - Naturjoghurt mild 3,8% - 500 G"},{"key":"detailsDescription","value":"500 G"},{"key":"articleNumber","value":"Artikelnummer: 7996252"},{"key":"Lagerhinweis:","value":["Bei +8°C lagern."]},{"key":"Zutaten:","value":["Zutaten: JOGHURT mild, 3,8% Fett. In Großbuchstaben angegebene Zutaten enthalten allergene Inhaltstoffe."]},{"key":"Allergene:","value":["Enthält:Milch und daraus gewonnene Erzeugnisse (inkl. Laktose)"]},{"key":"Identitätskennzeichen:","value":["DE BW 033 EG"]},{"key":"Zusatztext:","value":["Im wiederverschließbaren Mehrwegglas."]},{"key":"Kontakt:","value":["Landliebe Molkereiprodukte GmbH","Wimpfener Straße 125, 74078 Heilbronn, Deutschland"]}],"nutritions":[{"key":"","value":"Unzubereitet"},{"key":" ","value":"100 g"},{"key":"Energie","value":"336 kJ | 80 kcal"},{"key":"Fett","value":"3,8 g"},{"key":"Fett, davon gesättigte Fettsäuren","value":"2,6 g"},{"key":"Kohlenhydrate","value":"6,2 g"},{"key":"Kohlenhydrate, davon Zucker","value":"6,2 g"},{"key":"Eiweiß","value":"5,3 g"},{"key":"Salz","value":"0,1 g"}],"tags":["Mehrwegkennzeichen"]},
    {"url":"https://www.interspar.at/shop/lebensmittel/p/2020001005000","data":[{"key":"price","value":"1,99 €"},{"key":"oldPrice","value":"\n\t\t\t\t\t\n\t\t\t\t\t \n\t\t\t\t"},{"key":"pricePerUnit","value":"(4.15 €/kg)"},{"key":"productDetailsName","value":"Danone Activia - Joghurt Mango-Ananas-Pfirsich 4 x 120g - 480 G"},{"key":"detailsDescription","value":"480 G"},{"key":"articleNumber","value":"Artikelnummer: 2020001005000"},{"key":"Lagerhinweis:","value":["Kühl bei maximal +8°C lagern."]},{"key":"Zutaten:","value":["Zutaten: JOGHURT, Zucker, 3% Mango, 3% Ananas, 3% Pfirsich, färbende Konzentrate Karotte und Kürbis, natürliches Aroma. Mit Bifidus Kultur ActiRegularis®. In Großbuchstaben angegebene Zutaten enthalten allergene Inhaltsstoffe."]},{"key":"Allergene:","value":["Enthält:Milch und daraus gewonnene Erzeugnisse (inkl. Laktose)"]},{"key":"Identitätskennzeichen:","value":["Benesov CZ 01 ES"]},{"key":"Kontakt:","value":["Danone GmbH","Technologiestraße 10, 1120 Wien, Österreich"]}],"nutritions":[{"key":"","value":"Unzubereitet"},{"key":" ","value":"100 g"},{"key":"Energie","value":"382 kJ | 91 kcal | 5 %"},{"key":"Fett","value":"2,7 g | 4 %"},{"key":"Fett, davon gesättigte Fettsäuren","value":"1,7 g | 9 %"},{"key":"Kohlenhydrate","value":"12,9 g | 5 %"},{"key":"Kohlenhydrate, davon Zucker","value":"12,5 g | 14 %"},{"key":"Eiweiß","value":"3,6 g | 8 %"},{"key":"Salz","value":"0,13 g | 2 %"},{"key":"Kalzium","value":"120 mg | 15 %"}],"tags":["immer Billig"]},
    {"url":"https://www.interspar.at/shop/lebensmittel/p/2185262","data":[{"key":"price","value":"2,99 €"},{"key":"oldPrice","value":"\n\t\t\t\t\t\n\t\t\t\t\tstatt 3,39 €\n\t\t\t\t"},{"key":"pricePerUnit","value":"(0.50 €/Stück)"},{"key":"productDetailsName","value":"Toni's - Freilandeier Größe L - 6 STK"},{"key":"detailsDescription","value":"6 STK"},{"key":"articleNumber","value":"Artikelnummer: 2185262"},{"key":"Lagerhinweis:","value":["Bei Kühlschranktemperatur aufbewahren."]},{"key":"Zutaten:","value":["Zutaten: EIER. In Großbuchstaben angegebene Zutaten enthalten allergene Inhaltsstoffe."]},{"key":"Allergene:","value":["Enthält:Eier und daraus gewonnene Erzeugnisse"]},{"key":"Identitätskennzeichen:","value":["AT 61436 EG"]},{"key":"Zusatztext:","value":["Information zur Einzeleikennzeichnung:Der auf den Eiern aufgestempelte Erzeugercode setzt sich zusammen aus dem Code der Haltungsform:0 = biologische Produktion, 1 = Freilandhaltung, 2 = Bodenhaltung, 3 = Käfighaltung, dem Ursprungslandder Eier: AT = Österreich und der individuellen Betriebsnummer des Legebetriebs."]},{"key":"Ursprungsland/Herkunftsort:","value":["Österreich"]},{"key":"Verwendungshinweis:","value":["Nach Ablauf des Mindesthaltbarkeitsdatums durcherhitzen."]},{"key":"Kontakt:","value":["Toni Hubmann","Glein 14, 8720 Knittelfeld, Österreich"]}],"nutritions":[],"tags":["Glutenfrei","Lactosefrei"]},
    {"url":"https://www.interspar.at/shop/lebensmittel/p/2020001631056","data":[{"key":"price","value":"2,99 €"},{"key":"oldPrice","value":"\n\t\t\t\t\t\n\t\t\t\t\t \n\t\t\t\t"},{"key":"pricePerUnit","value":"(0.30 €/Stück)"},{"key":"productDetailsName","value":"SPAR - Golddotter-Ei aus Freilandhaltung Größe M + L - 10 STK"},{"key":"detailsDescription","value":"10 STK"},{"key":"articleNumber","value":"Artikelnummer: 2020001631056"},{"key":"Lagerhinweis:","value":["Nach dem Kauf bei Kühlschranktemperatur aufbewahren."]},{"key":"Zutaten:","value":["Zutaten: HÜHNEREIER. In Großbuchstaben angegebene Zutaten enthalten allergene Inhaltsstoffe."]},{"key":"Allergene:","value":["Enthält:Eier und daraus gewonnene Erzeugnisse"]},{"key":"Zusatztext:","value":["Die Packstellennummer entnehmen Sie bitte dem Sticker auf der Verpackung.AMA-Lizenznummer: 1066 1130"]},{"key":"Verwendungshinweis:","value":["Nach Ablauf des Mindesthaltbarkeitsdatums durcherhitzen. Bitte beachten Sie die Regeln der guten Küchenhygiene (siehe Innenseite der Verpackung)."]},{"key":"Kontakt:","value":["SPAR Österr. Warenhandels-AG","Europastraße 3, 5015 Salzburg, Österreich"]}],"nutritions":[],"tags":["Gekühlt","immer Billig"]},
    {"url":"https://www.interspar.at/shop/lebensmittel/p/2185927","data":[{"key":"price","value":"1,99 €"},{"key":"oldPrice","value":"\n\t\t\t\t\t\n\t\t\t\t\t \n\t\t\t\t"},{"key":"pricePerUnit","value":"(0.33 €/Stück)"},{"key":"productDetailsName","value":"SPAR - Golddotter-Ei aus Freilandhaltung Größe L - 6 STK"},{"key":"detailsDescription","value":"6 STK"},{"key":"articleNumber","value":"Artikelnummer: 2185927"},{"key":"Lagerhinweis:","value":["Bei Kühlschranktemperatur aufbewahren."]},{"key":"Zutaten:","value":["Zutaten: HÜHNEREIER. In Großbuchstaben angegebene Zutaten enthalten allergene Inhaltsstoffe."]},{"key":"Allergene:","value":["Enthält:Eier und daraus gewonnene Erzeugnisse"]},{"key":"Zusatztext:","value":["Die Packstellennummer entnehmen Sie dem Sticker auf der Verpackung."]},{"key":"Verwendungshinweis:","value":["Nach Ablauf des Mindesthaltbarkeitsdatums durcherhitzen. Bitte beachten Sie die Regeln der guten Küchenhygiene (siehe Innenseite der Verpackung)."]},{"key":"Kontakt:","value":["SPAR Österr. Warenhandels-AG","Europastraße 3, 5015 Salzburg, Österreich"]}],"nutritions":[],"tags":["Glutenfrei","Lactosefrei","immer Billig"]},
    {"url":"https://www.interspar.at/shop/lebensmittel/p/5483051","data":[{"key":"price","value":"1,59 €"},{"key":"oldPrice","value":"\n\t\t\t\t\t\n\t\t\t\t\t \n\t\t\t\t"},{"key":"pricePerUnit","value":"(3.98 €/kg)"},{"key":"productDetailsName","value":"SPAR - Kaffeeweißer laktosearm - 400 G"},{"key":"detailsDescription","value":"400 G"},{"key":"articleNumber","value":"Artikelnummer: 5483051"},{"key":"Lagerhinweis:","value":["Vor Wärme schützen und trocken lagern."]},{"key":"Zutaten:","value":["Zutaten: Glukosesirup, Kokosfett, MILCHEIWEISS, Stabilisator: E340ii, E452i; Trennmittel: E341; Emulgator: E471; Farbstoff: Beta-Carotin. In Großbuchstaben angegebene Zutaten enthalten allergene Inhaltsstoffe."]},{"key":"Allergene:","value":["Enthält:Milch und daraus gewonnene Erzeugnisse (inkl. Laktose)"]},{"key":"","value":["Laktosegehalt unter 0,3g pro 100g"]},{"key":"","value":["Niedriger Laktosegehalt"]},{"key":"Ursprungsland/Herkunftsort:","value":["Abgepackt in den Niederlanden"]},{"key":"Kontakt:","value":["Buying International Group SPAR B.V.","Rokin 99-101, 1020 KM Amsterdam, Niederlande"]}],"nutritions":[{"key":"","value":"Unzubereitet"},{"key":" ","value":"100 g"},{"key":"Energie","value":"2172 kJ | 519 kcal"},{"key":"Fett","value":"27 g"},{"key":"Fett, davon gesättigte Fettsäuren","value":"24 g"},{"key":"Kohlenhydrate","value":"67 g"},{"key":"Kohlenhydrate, davon Zucker","value":"10 g"},{"key":"Ballaststoffe","value":"0 g"},{"key":"Eiweiß","value":"2 g"},{"key":"Salz","value":"0,25 g"}],"tags":[]},
    {"url":"https://www.interspar.at/shop/lebensmittel/p/2185248","data":[{"key":"price","value":"4,49 €"},{"key":"oldPrice","value":"\n\t\t\t\t\t\n\t\t\t\t\t \n\t\t\t\t"},{"key":"pricePerUnit","value":"(0.45 €/Stück)"},{"key":"productDetailsName","value":"Toni's - Freilandeier Größe M - 10 STK"},{"key":"detailsDescription","value":"10 STK"},{"key":"articleNumber","value":"Artikelnummer: 2185248"},{"key":"Lagerhinweis:","value":["Bei Kühlschranktemperatur aufbewahren."]},{"key":"Zutaten:","value":["Zutaten: EIER. In Großbuchstaben angegebene Zutaten enthalten allergene Inhaltsstoffe."]},{"key":"Allergene:","value":["Enthält:Eier und daraus gewonnene Erzeugnisse"]},{"key":"Identitätskennzeichen:","value":["AT 61436 EG"]},{"key":"Zusatztext:","value":["Information zur Einzeleikennzeichnung:Der auf den Eiern aufgestempelte Erzeugercode setzt sich zusammen aus dem Code der Haltungsform:0 = biologische Produktion, 1 = Freilandhaltung, 2 = Bodenhaltung, 3 = Käfighaltung, dem Ursprungslandder Eier: AT = Österreich und der individuellen Betriebsnummer des Legebetriebs."]},{"key":"Ursprungsland/Herkunftsort:","value":["Österreich"]},{"key":"Verwendungshinweis:","value":["Nach Ablauf des Mindesthaltbarkeitsdatums durcherhitzen."]},{"key":"Kontakt:","value":["Toni Hubmann","Glein 14, 8720 Knittelfeld, Österreich"]}],"nutritions":[],"tags":["Gekühlt","Glutenfrei","Lactosefrei"]},
    {"url":"https://www.interspar.at/shop/lebensmittel/p/2620978","data":[{"key":"price","value":"2,99 €"},{"key":"oldPrice","value":"\n\t\t\t\t\t\n\t\t\t\t\t \n\t\t\t\t"},{"key":"pricePerUnit","value":"(0.30 €/Stück)"},{"key":"productDetailsName","value":"Gutshof - Eier aus Freilandhaltung Größe M - 10 STK"},{"key":"detailsDescription","value":"10 STK"},{"key":"articleNumber","value":"Artikelnummer: 2620978"},{"key":"Lagerhinweis:","value":["Bei Kühlschranktemperatur aufbewahren."]},{"key":"Zutaten:","value":["Zutaten: EIER. In Großbuchstaben angegebene Zutaten enthalten allergene Inhaltsstoffe."]},{"key":"Allergene:","value":["Enthält:Eier und daraus gewonnene Erzeugnisse"]},{"key":"Identitätskennzeichen:","value":["AT 61297 EG"]},{"key":"Zusatztext:","value":["Information zur Einzeleikennzeichnung:Der auf den Eiern aufgestempelte Erzeugercode setzt sich zusammen aus dem Code der Haltungsform:0 = biologische Produktion, 1 = Freilandhaltung, 2 = Bodenhaltung, 3 = Käfighaltung, dem Ursprungslandder Eier: AT = Österreich und der individuellen Betriebsnummer des Legebetriebs."]},{"key":"Ursprungsland/Herkunftsort:","value":["Österreich"]},{"key":"Verwendungshinweis:","value":["Nach Ablauf des Mindesthaltbarkeitsdatums durcherhitzen."]},{"key":"Kontakt:","value":["Gutshof-Ei Österreich VertriebsgmbH","Antiesenweg 3, 4911 Tumeltsham, Österreich"]}],"nutritions":[],"tags":[]},
    {"url":"https://www.interspar.at/shop/lebensmittel/p/2020001370610","data":[{"key":"price","value":"0,59 €"},{"key":"oldPrice","value":"\n\t\t\t\t\t\n\t\t\t\t\t \n\t\t\t\t"},{"key":"pricePerUnit","value":"(11.80 €/kg)"},{"key":"productDetailsName","value":"Delicata - Hühneraufstrich pikant - 50 G"},{"key":"detailsDescription","value":"50 G"},{"key":"articleNumber","value":"Artikelnummer: 2020001370610"},{"key":"Lagerhinweis:","value":["Aufstrich nach dem Öffnen gekühlt aufbewahren und innerhalb eines Tages aufbrauchen."]},{"key":"Zutaten:","value":["Zutaten: gekochtes Hühnerseparatorenfleisch (30%),Wasser, Sonnenblumenöl, MILCHEIWEISS (4%), SOJAMEHL, Maisstärke, Kartoffelstärke, Speisesalz, Gewürze und Kräuter, Chiliextrakt, Tomatenkonzentrat, Zucker, Farbstoff: Paprikaextrakt. In Großbuchstaben angegebene Zutaten enthalten allergene Inhaltsstoffe."]},{"key":"Allergene:","value":["Enthält:Milch und daraus gewonnene Erzeugnisse (inkl. Laktose), Sojabohnen und daraus gewonnene Erzeugnisse"]},{"key":"","value":["Ohne Geschmacksverstärker"]},{"key":"","value":["Glutenfrei"]},{"key":"Identitätskennzeichen:","value":["RS 1"]},{"key":"Zusatztext:","value":["sterilisiertes Produkt traditionelle Rezeptur mit sorgfältig ausgewählten Zutaten authentischer Geschmack"]},{"key":"Verbrauchen nach dem Öffnen:","value":["1 Tage"]},{"key":"Verwendungshinweis:","value":["Bei Löchern oder Aufblähung der Verpackung Produkt nicht verwendbar."]},{"key":"Kontakt:","value":["Kreis Industriehandel GmbH","Amraser-See Straße 56, 6020 Innsbruck, Österreich"]}],"nutritions":[{"key":"","value":"Unzubereitet"},{"key":" ","value":"100 g"},{"key":"Energie","value":"1357 kJ | 325 kcal"},{"key":"Fett","value":"30 g"},{"key":"Fett, davon gesättigte Fettsäuren","value":"3,8 g"},{"key":"Kohlenhydrate","value":"4 g"},{"key":"Kohlenhydrate, davon Zucker","value":"0,6 g"},{"key":"Eiweiß","value":"10 g"},{"key":"Salz","value":"1,1 g"}],"tags":["Glutenfrei"]},
    {"url":"https://www.interspar.at/shop/lebensmittel/p/2020001370825","data":[{"key":"price","value":"1,49 €"},{"key":"oldPrice","value":"\n\t\t\t\t\t\n\t\t\t\t\t \n\t\t\t\t"},{"key":"pricePerUnit","value":"(5.05 €/kg)"},{"key":"productDetailsName","value":"Vitaminka - Ajvar scharf - 295 G"},{"key":"detailsDescription","value":"295 G"},{"key":"articleNumber","value":"Artikelnummer: 2020001370825"},{"key":"Lagerhinweis:","value":["Trocken und dunkel lagern. Nach dem Öffnen kühl aufbewahren."]},{"key":"Zutaten:","value":["Zutaten: Paprika (80%), Auberginen (10%), Tomaten (1%), Peperoncini (0,6%), Knoblauch (0,3%), Sonnenblumenöl, Zucker, Speisesalz, Säuerungsmittel: Essigsäure."]},{"key":"","value":["ohne Geschmacksverstärker ohne Farbstoffe"]},{"key":"Ursprungsland/Herkunftsort:","value":["Bosnien-Herzegowina"]},{"key":"Kontakt:","value":["Kreis Industriehandel GmbH","Amraser-See-Straße 56, 6020 Innsbruck, Österreich"]}],"nutritions":[{"key":"","value":"Unzubereitet"},{"key":" ","value":"100 g"},{"key":"Energie","value":"445 kJ | 107 kcal"},{"key":"Fett","value":"6,2 g"},{"key":"Fett, davon gesättigte Fettsäuren","value":"0,72 g"},{"key":"Kohlenhydrate","value":"9,7 g"},{"key":"Kohlenhydrate, davon Zucker","value":"5,08 g"},{"key":"Eiweiß","value":"1,62 g"},{"key":"Salz","value":"1,23 g"}],"tags":[]},
    {"url":"https://www.interspar.at/shop/lebensmittel/p/2020001427109","data":[{"key":"price","value":"3,49 €"},{"key":"oldPrice","value":"\n\t\t\t\t\t\n\t\t\t\t\t \n\t\t\t\t"},{"key":"pricePerUnit","value":"(0.58 €/Stück)"},{"key":"productDetailsName","value":"Wallner - Wiesen- und Kräuterei mobile Freilandhaltung 6 Stück - 6 STK"},{"key":"detailsDescription","value":"6 STK"},{"key":"articleNumber","value":"Artikelnummer: 2020001427109"},{"key":"Lagerhinweis:","value":["Bei Kühlschranktemperatur aufbewahren."]},{"key":"Zutaten:","value":["Zutaten: HÜHNEREIER. In Großbuchstaben angegebene Zutaten enthalten allergene Inhaltsstoffe."]},{"key":"Allergene:","value":["Enthält:Eier und daraus gewonnene Erzeugnisse"]},{"key":"Identitätskennzeichen:","value":["AT 41962 EG"]},{"key":"Ursprungsland/Herkunftsort:","value":["Aus Österreich"]},{"key":"Verwendungshinweis:","value":["Nach Ablauf des Mindesthaltbarkeitsdatums durcherhitzen. Bitte beachten Sie die Regeln der guten Küchenhygiene (siehe Innenseite der Verpackung)."]},{"key":"Kontakt:","value":["Wanderhuhn GmbH","Kirchenstraße 1, 5141 Moosdorf, Österreich"]}],"nutritions":[],"tags":["Gekühlt"]},
    {"url":"https://www.interspar.at/shop/lebensmittel/p/5482825","data":[{"key":"price","value":"1,39 €"},{"key":"oldPrice","value":"\n\t\t\t\t\t\n\t\t\t\t\t \n\t\t\t\t"},{"key":"pricePerUnit","value":"(6.95 €/kg)"},{"key":"productDetailsName","value":"Completa - Kaffeeweißer - 200 G"},{"key":"detailsDescription","value":"200 G"},{"key":"articleNumber","value":"Artikelnummer: 5482825"},{"key":"Lagerhinweis:","value":["Vor Wärme schützen und trocken aufbewahren."]},{"key":"Zutaten:","value":["Zutaten: Glukosesirup, Pflanzenöl (ganz gehärtet Kokosöl), Stabilisatoren: E 340/E452, MILCHEIWEISS, Emulgator: E 471, Trennmittel: E 551, Farbstoff: E 160a. In Großbuchstaben angegebene Zutaten enthalten allergene Inhaltsstoffe."]},{"key":"Allergene:","value":["Enthält:Milch und daraus gewonnene Erzeugnisse (inkl. Laktose)"]},{"key":"Zusatztext:","value":["Completa ist ein in Kaffee oder Tee leicht löslicher Kaffeeweißer. Nicht als Nahrung für Säuglinge unter 12 Monaten bestimmt."]},{"key":"Kontakt:","value":["FrieslandCampina Germany GmbH","Wimpfener Straße 125, 74078 Heilbronn, Deutschland"]}],"nutritions":[{"key":"","value":"Unzubereitet"},{"key":" ","value":"100 g"},{"key":"Energie","value":"2320 kJ | 550 kcal"},{"key":"Fett","value":"35 g"},{"key":"Fett, davon gesättigte Fettsäuren","value":"34,6 g"},{"key":"Kohlenhydrate","value":"57 g"},{"key":"Kohlenhydrate, davon Zucker","value":"10 g"},{"key":"Eiweiß","value":"2 g"},{"key":"Salz","value":"0,5 g"}],"tags":[]},
    {"url":"https://www.interspar.at/shop/lebensmittel/p/980159","data":[{"key":"price","value":"3,19 €"},{"key":"oldPrice","value":"\n\t\t\t\t\t\n\t\t\t\t\t \n\t\t\t\t"},{"key":"pricePerUnit","value":"(10.63 €/kg)"},{"key":"productDetailsName","value":"Fixmilch - Instant - 300 G"},{"key":"detailsDescription","value":"300 G"},{"key":"articleNumber","value":"Artikelnummer: 980159"},{"key":"Lagerhinweis:","value":["Nach dem Öffnen innerhalb von 4 Wochen aufbrauchen. Trocken, vor Frost und Hitze geschützt lagern."]},{"key":"Zutaten:","value":["Zutaten: MAGERMILCHPULVER. In Großbuchstaben angegebene Zutaten enthalten allergene Inhaltsstoffe."]},{"key":"Allergene:","value":["Enthält:Milch und daraus gewonnene Erzeugnisse (inkl. Laktose)"]},{"key":"Zubereitung:","value":["Zugabe von Wasser zum Erreichen des UrsprungszustandesFixmilch INSTANT ist in kaltem und warmem Wasser sofort löslich. Für 1 Glas Milch geben Sie ca. 3 gehäufte Esslöffel in 1/4 Liter Wasser. Je nach Geschmack kann durch Zugabe von mehr Magermilchpulver eine gehaltvollere Magermilch zubereitet werden."]},{"key":"Identitätskennzeichen:","value":["AT 30345 EG"]},{"key":"Verbrauchen nach dem Öffnen:","value":["4 Wochen"]},{"key":"Verwendungshinweis:","value":["Nicht als Nahrung für Säuglinge unter 12 Monaten geeignet."]},{"key":"Kontakt:","value":["Maresi Austria GmbH","Meytensgasse 27, Postfach 111, 1131 Wien, Österreich","0800/216411"]}],"nutritions":[{"key":"","value":"Unzubereitet"},{"key":" ","value":"100 g"},{"key":"Energie","value":"1533 kJ | 361 kcal"},{"key":"Fett","value":"1 g"},{"key":"Fett, davon gesättigte Fettsäuren","value":"0,7 g"},{"key":"Kohlenhydrate","value":"51 g"},{"key":"Kohlenhydrate, davon Zucker","value":"51 g"},{"key":"Eiweiß","value":"37 g"},{"key":"Salz","value":"1 g"}],"tags":[]},
    {"url":"https://www.interspar.at/shop/lebensmittel/p/2020001806492","data":[{"key":"price","value":"2,99 €"},{"key":"oldPrice","value":"\n\t\t\t\t\t\n\t\t\t\t\t \n\t\t\t\t"},{"key":"pricePerUnit","value":"(14.24 €/kg)"},{"key":"productDetailsName","value":"Tramezzini Trio -  - 210 G"},{"key":"detailsDescription","value":"210 G"},{"key":"articleNumber","value":"Artikelnummer: 2020001806492"},{"key":"Lagerhinweis:","value":["Gekühlt lagern + 2°C bis + 6°C. Nach dem Öffnen innerhalb von 5 Tagen verbrauchen."]},{"key":"Zutaten:","value":["Tramezzini Thunfisch - Zutaten: 27% Thunfischerzeugnis (THUNFISCHFLEISCH, Sonnenblumenöl, Speisesalz), HÜHNEREIEIWEISS gekocht, Rapsöl, Trinkwasser, Gemüsezubereitung (Mais, Zwiebeln, Weingeistessig, Konservierungsstoff: Natriumbenzoat, Süßungsmittel: Saccharin), HÜHNEREIER gekocht, Speisesalz, Zucker, Speisegelatine, Kapern, HÜHNEREIGELB, SENFKORN, Gewürze, Verdickungsmittel: Guarkernmehl, Xanthan, Johannisbrotkernmehl; Säuerungsmittel: Milchsäure, Farbstoff: Einfache Zuckerkulör, Konservierungsstoff: Kaliumsorbat.  Tramezzini Ei-Schnittlauch - Zutaten: 43% HÜHNEREIER gekocht, Trinkwasser, 9% HÜHNEREIEIWEISS gekocht, Rapsöl, Zucker, Weingeistessig, Speisesalz, Speisegelatine, SENFKORN, Schnittlauch, Gewürze, modifizierte Stärke, Verdickungsmittel: Johannisbrotkernmehl, Xanthan, Guarkernmehl; Säuerungsmittel: Milchsäure, Konservierungsstoff: Kaliumsorbat, Farbstoff: Carotin.  Tramezzini Diabolo - Zutaten: 39% Gemüsezubereitung (Paprika, Karotten, Mais, Zwiebeln, Konservierungsstoff: Natriumbenzoat, Süßungsmittel: Saccharin), Rapsöl, Trinkwasser, HÜHNEREIEIWEISS gekocht, Zucker, Speisesalz, Weingeistessig, Farbstoff: Paprikaextrakt, SENFKORN, Kapern, Speisesalz, Speisegelatine, MAGERMILCHPULVER, Gewürze, Petersilie, modifizierte Stärke, natürliches Chili-Aroma, Säuerungsmittel: Milchsäure, Verdickungsmittel: Johannisbrotkernmehl, Xanthan; Konservierungsstoff: Kaliumsorbat In Großbuchstaben angegebene Zutaten enthalten allergene Inhaltsstoffe."]},{"key":"Allergene:","value":["Enthält:Eier und daraus gewonnene Erzeugnisse, Fische und daraus gewonnene Erzeugnisse, Milch und daraus gewonnene Erzeugnisse (inkl. Laktose), Senf und daraus gewonnene Erzeugnisse"]}],"nutritions":[{"key":"","value":"Unzubereitet"},{"key":" ","value":"100 g"},{"key":"Energie","value":"930 kJ | 225 kcal"},{"key":"Fett","value":"21 g"},{"key":"Fett, davon gesättigte Fettsäuren","value":"1,7 g"},{"key":"Kohlenhydrate","value":"6,1 g"},{"key":"Kohlenhydrate, davon Zucker","value":"3,8 g"},{"key":"Eiweiß","value":"2,3 g"},{"key":"Salz","value":"1,4 g"},{"key":"","value":"Unzubereitet"},{"key":" ","value":"100 g"},{"key":"Energie","value":"969 kJ | 234 kcal"},{"key":"Fett","value":"21 g"},{"key":"Fett, davon gesättigte Fettsäuren","value":"2,8 g"},{"key":"Kohlenhydrate","value":"3,6 g"},{"key":"Kohlenhydrate, davon Zucker","value":"3,2 g"},{"key":"Eiweiß","value":"7,5 g"},{"key":"Salz","value":"1,4 g"},{"key":"","value":"Unzubereitet"},{"key":" ","value":"100 g"},{"key":"Energie","value":"791 kJ | 191 kcal"},{"key":"Fett","value":"15 g"},{"key":"Fett, davon gesättigte Fettsäuren","value":"1,5 g"},{"key":"Kohlenhydrate","value":"3,6 g"},{"key":"Kohlenhydrate, davon Zucker","value":"2 g"},{"key":"Eiweiß","value":"10 g"},{"key":"Salz","value":"1,3 g"}],"tags":["Gekühlt"]},
    {"url":"https://www.interspar.at/shop/lebensmittel/p/5417094","data":[{"key":"price","value":"0,99 €"},{"key":"oldPrice","value":"\n\t\t\t\t\t\n\t\t\t\t\t \n\t\t\t\t"},{"key":"pricePerUnit","value":"(1.98 €/kg)"},{"key":"productDetailsName","value":"SPAR - Österreichische Kaffeemilch - 500 G"},{"key":"detailsDescription","value":"500 G"},{"key":"articleNumber","value":"Artikelnummer: 5417094"},{"key":"Lagerhinweis:","value":["Vor Hitze geschützt und nach dem Öffnen gekühlt lagern und innerhalb einer Woche verbrauchen."]},{"key":"Zutaten:","value":["Zutaten: MILCH. In Großbuchstaben angegebene Zutaten enthalten allergene Inhaltsstoffe."]},{"key":"Allergene:","value":["Enthält:Milch und daraus gewonnene Erzeugnisse (inkl. Laktose)"]},{"key":"Identitätskennzeichen:","value":["AT 60212"]},{"key":"Ursprungsland/Herkunftsort:","value":["Qualität aus Österreich"]},{"key":"Verbrauchen nach dem Öffnen:","value":["7 Tage"]},{"key":"Kontakt:","value":["SPAR Österr. Warenhandels-AG","Europastraße 3, 5015 Salzburg, Österreich"]}],"nutritions":[{"key":" ","value":"100 g"},{"key":"","value":"Unzubereitet"},{"key":"Energie","value":"545 kJ | 130 kcal"},{"key":"Fett","value":"7,5 g"},{"key":"Fett, davon gesättigte Fettsäuren","value":"4,8 g"},{"key":"Kohlenhydrate","value":"9,2 g"},{"key":"Kohlenhydrate, davon Zucker","value":"9,2 g"},{"key":"Ballaststoffe","value":"0 g"},{"key":"Eiweiß","value":"6,5 g"},{"key":"Salz","value":"0,24 g"},{"key":"Broteinheiten","value":"0,8 BE"}],"tags":["immer Billig"]},
    {"url":"https://www.interspar.at/shop/lebensmittel/p/1386776","data":[{"key":"price","value":"0,39 €"},{"key":"oldPrice","value":"\n\t\t\t\t\t\n\t\t\t\t\t \n\t\t\t\t"},{"key":"pricePerUnit","value":"(2.60 €/kg)"},{"key":"productDetailsName","value":"S-BUDGET - Cremejogurt Kaffee - 150 G"},{"key":"detailsDescription","value":"150 G"},{"key":"articleNumber","value":"Artikelnummer: 1386776"},{"key":"Lagerhinweis:","value":["Gekühlt lagern."]},{"key":"Zutaten:","value":["Zutaten: RAHMJOGURT, Kaffeezubereitung (Zucker, Kaffeepulver, modifizierte Stärke, Karamellzucker, Aroma, Säuerungsmittel: Citronensäure, Salz). In Großbuchstaben angegebene Zutaten enthalten allergene Inhaltsstoffe."]},{"key":"Allergene:","value":["Enthält:Milch und daraus gewonnene Erzeugnisse (inkl. Laktose)"]},{"key":"Identitätskennzeichen:","value":["AT 70149 EG"]},{"key":"Zusatztext:","value":["Hergestellt aus gentechnikfreier Milch gemäß Codex-Richtlinie zur Definition der gentechnikfreien Produktion, Kontrollstelle: BIKO Tirol."]},{"key":"Ursprungsland/Herkunftsort:","value":["hergestellt in Österreich"]},{"key":"Kontakt:","value":["SPAR Österr. Warenhandels-AG","Europastraße 3, 5015 Salzburg, Österreich"]}],"nutritions":[{"key":"","value":"Unzubereitet"},{"key":" ","value":"100 g"},{"key":"Energie","value":"538 kJ | 129 kcal"},{"key":"Fett","value":"8,3 g"},{"key":"Fett, davon gesättigte Fettsäuren","value":"5,3 g"},{"key":"Kohlenhydrate","value":"11 g"},{"key":"Kohlenhydrate, davon Zucker","value":"9,9 g"},{"key":"Ballaststoffe","value":"0 g"},{"key":"Eiweiß","value":"2,6 g"},{"key":"Salz","value":"0,1 g"},{"key":"Broteinheiten","value":"0,9 BE"}],"tags":["immer Billig"]},
    {"url":"https://www.interspar.at/shop/lebensmittel/p/1386943","data":[{"key":"price","value":"0,39 €"},{"key":"oldPrice","value":"\n\t\t\t\t\t\n\t\t\t\t\t \n\t\t\t\t"},{"key":"pricePerUnit","value":"(2.60 €/kg)"},{"key":"productDetailsName","value":"S-BUDGET - Cremejogurt Exotik - 150 G"},{"key":"detailsDescription","value":"150 G"},{"key":"articleNumber","value":"Artikelnummer: 1386943"},{"key":"Lagerhinweis:","value":["Gekühlt lagern."]},{"key":"Zutaten:","value":["Zutaten: RAHMJOGURT, Zucker, 7,7% Frucht (4% Ananas, 1,3% Mangomark aus Mangomarkkonzentrat, 1% Kiwi, 1% Maracujasaft aus Maracujasaftkonzentrat, 0,4% Ananassaft aus Ananassaftkonzentrat), modifizierte Stärke, Verdickungsmittel: Pektin, Aroma, Säureregulator: Natriumcitrat. In Großbuchstaben angegebene Zutaten enthalten allergene Inhaltsstoffe."]},{"key":"Allergene:","value":["Enthält:Milch und daraus gewonnene Erzeugnisse (inkl. Laktose)"]},{"key":"Identitätskennzeichen:","value":["AT 70149 EG"]},{"key":"Zusatztext:","value":["Hergestellt aus gentechnikfreier Milch gemäß Codex-Richtlinie zur Definition der gentechnikfreien Produktion, Kontrollstelle: BIKO Tirol."]},{"key":"Ursprungsland/Herkunftsort:","value":["hergestellt in Österreich"]},{"key":"Kontakt:","value":["SPAR Österr. Warenhandels-AG","Europastraße 3, 5015 Salzburg, Österreich"]}],"nutritions":[{"key":"","value":"Unzubereitet"},{"key":" ","value":"100 g"},{"key":"Energie","value":"582 kJ | 139 kcal"},{"key":"Fett","value":"8,3 g"},{"key":"Fett, davon gesättigte Fettsäuren","value":"5,4 g"},{"key":"Kohlenhydrate","value":"13,5 g"},{"key":"Kohlenhydrate, davon Zucker","value":"12,8 g"},{"key":"Ballaststoffe","value":"0,1 g"},{"key":"Eiweiß","value":"2,6 g"},{"key":"Salz","value":"0,08 g"},{"key":"Broteinheiten","value":"1,1 BE"}],"tags":["immer Billig"]},
    {"url":"https://www.interspar.at/shop/lebensmittel/p/1864885","data":[{"key":"price","value":"0,39 €"},{"key":"oldPrice","value":"\n\t\t\t\t\t\n\t\t\t\t\t \n\t\t\t\t"},{"key":"pricePerUnit","value":"(2.60 €/kg)"},{"key":"productDetailsName","value":"S-BUDGET - Cremejogurt Vanille - 150 G"},{"key":"detailsDescription","value":"150 G"},{"key":"articleNumber","value":"Artikelnummer: 1864885"},{"key":"Lagerhinweis:","value":["Gekühlt lagern."]},{"key":"Zutaten:","value":["Zutaten: Rahmjogurt (pasteurisierter RAHM, Milchsäurekulturen), Vanillezubereitung (Zucker, Glucose-Fructose-Sirup, Vanilleschoten gemahlen extrahiert, modifizierte Stärke, Aroma (Aroma, natürliches Vanillearoma), Säuerungsmittel Citronensäure, Farbstoff Beta-Carotin), Zucker. In Großbuchstaben angegebene Zutaten enthalten allergene Inhaltsstoffe."]},{"key":"Allergene:","value":["Enthält:Milch und daraus gewonnene Erzeugnisse (inkl. Laktose)"]},{"key":"Identitätskennzeichen:","value":["AT 70149 EG"]},{"key":"Zusatztext:","value":["Hergestellt aus gentechnikfreier Milch gemäß Codex-Richtlinie zur Definition der gentechnikfreien Produktion, Kontrollstelle: Lacon GmbH"]},{"key":"Ursprungsland/Herkunftsort:","value":["hergestellt in Österreich"]},{"key":"Kontakt:","value":["SPAR Österr. Warenhandels-AG","Europastraße 3, 5015 Salzburg, Österreich"]}],"nutritions":[{"key":"","value":"Unzubereitet"},{"key":" ","value":"100 g"},{"key":"Energie","value":"599 kJ | 143 kcal"},{"key":"Fett","value":"8,1 g"},{"key":"Fett, davon gesättigte Fettsäuren","value":"5,2 g"},{"key":"Kohlenhydrate","value":"15,1 g"},{"key":"Kohlenhydrate, davon Zucker","value":"14,6 g"},{"key":"Ballaststoffe","value":"0 g"},{"key":"Eiweiß","value":"2,5 g"},{"key":"Salz","value":"0,07 g"},{"key":"Broteinheiten","value":"1,3 BE"}],"tags":["immer Billig"]},
    {"url":"https://www.interspar.at/shop/lebensmittel/p/2020001499014","data":[{"key":"price","value":"2,79 €"},{"key":"oldPrice","value":"\n\t\t\t\t\t\n\t\t\t\t\t \n\t\t\t\t"},{"key":"pricePerUnit","value":"(2.79 €/kg)"},{"key":"productDetailsName","value":"SPAR - Jogurt Greek Style Natur - 1 KG"},{"key":"detailsDescription","value":"1 KG"},{"key":"articleNumber","value":"Artikelnummer: 2020001499014"},{"key":"Lagerhinweis:","value":["Gekühlt lagern und nach dem Öffnen alsbald aufbrauchen."]},{"key":"Allergene:","value":["Enthält:Milch und daraus gewonnene Erzeugnisse (inkl. Laktose)"]},{"key":"Identitätskennzeichen:","value":["AT 40443 EG"]},{"key":"Zusatztext:","value":["AMA-Lizenznummer: 10014003"]},{"key":"Ursprungsland/Herkunftsort:","value":["hergestellt in Österreich"]},{"key":"Kontakt:","value":["SPAR Österr. Warenhandels-AG","Europastraße 3, 5015 Salzburg, Österreich","office@spar.at"]}],"nutritions":[{"key":"","value":"Unzubereitet"},{"key":" ","value":"100 g"},{"key":"Energie","value":"529 kJ | 126 kcal"},{"key":"Fett","value":"10 g"},{"key":"Fett, davon gesättigte Fettsäuren","value":"6,2 g"},{"key":"Kohlenhydrate","value":"4,4 g"},{"key":"Kohlenhydrate, davon Zucker","value":"4,4 g"},{"key":"Ballaststoffe","value":"0 g"},{"key":"Eiweiß","value":"4,5 g"},{"key":"Salz","value":"0,1 g"},{"key":"Broteinheiten","value":"0,4 BE"}],"tags":["immer Billig"]},
    {"url":"https://www.interspar.at/shop/lebensmittel/p/8198433","data":[{"key":"price","value":"6,49 €"},{"key":"oldPrice","value":"\n\t\t\t\t\t\n\t\t\t\t\t \n\t\t\t\t"},{"key":"pricePerUnit","value":"(12.98 €/kg)"},{"key":"productDetailsName","value":"SPAR - Feines Butterschmalz - 500 G"},{"key":"detailsDescription","value":"500 G"},{"key":"articleNumber","value":"Artikelnummer: 8198433"},{"key":"Lagerhinweis:","value":["Nach dem Öffnen gekühlt lagern und alsbald verbrauchen."]},{"key":"Zutaten:","value":["Zutaten: BUTTERSCHMALZ. In Großbuchstaben angegebene Zutaten enthalten allergene Inhaltsstoffe."]},{"key":"Allergene:","value":["Enthält:Milch und daraus gewonnene Erzeugnisse (inkl. Laktose)"]},{"key":"Identitätskennzeichen:","value":["AT 92820 EG"]},{"key":"Ursprungsland/Herkunftsort:","value":["Sorgfältig abgefüllt in Österreich"]},{"key":"Kontakt:","value":["SPAR Österr. Warenhandels-AG","Europastraße 3, 5015 Salzburg, Österreich"]}],"nutritions":[{"key":"","value":"Unzubereitet"},{"key":" ","value":"100 g"},{"key":"Energie","value":"3700 kJ | 900 kcal"},{"key":"Fett","value":"100 g"},{"key":"Fett, davon gesättigte Fettsäuren","value":"70 g"},{"key":"Kohlenhydrate","value":"0 g"},{"key":"Kohlenhydrate, davon Zucker","value":"0 g"},{"key":"Ballaststoffe","value":"0 g"},{"key":"Eiweiß","value":"0 g"},{"key":"Salz","value":"0 g"}],"tags":[]},
    {"url":"https://www.interspar.at/shop/lebensmittel/p/104210","data":[{"key":"price","value":"1,49 €"},{"key":"oldPrice","value":"\n\t\t\t\t\t\n\t\t\t\t\t \n\t\t\t\t"},{"key":"pricePerUnit","value":"(5.96 €/kg)"},{"key":"productDetailsName","value":"Ceres - Kokosfett - 250 G"},{"key":"detailsDescription","value":"250 G"},{"key":"articleNumber","value":"Artikelnummer: 104210"},{"key":"Lagerhinweis:","value":["Gekühlt bei +2°C bis +6°C und trocken lagern."]},{"key":"Zutaten:","value":["Zutaten: 100% Kokosfett teilweise gehärtet."]},{"key":"Kontakt:","value":["Vereinigte Fettwarenindustrie GmbH","Vogelweiderstraße 71-73 , 4600 Wels, Österreich"]}],"nutritions":[{"key":"","value":"Unzubereitet"},{"key":" ","value":"100 g"},{"key":"Energie","value":"3700 kJ | 900 kcal"},{"key":"Fett","value":"100 g"},{"key":"Fett, davon gesättigte Fettsäuren","value":"92 g"},{"key":"Kohlenhydrate","value":"0 g"},{"key":"Kohlenhydrate, davon Zucker","value":"0 g"},{"key":"Eiweiß","value":"0 g"},{"key":"Salz","value":"0 g"}],"tags":["Vegan","Lactosefrei"]},
    {"url":"https://www.interspar.at/shop/lebensmittel/p/105354","data":[{"key":"price","value":"1,89 €"},{"key":"oldPrice","value":"\n\t\t\t\t\t\n\t\t\t\t\t \n\t\t\t\t"},{"key":"pricePerUnit","value":"(3.78 €/kg)"},{"key":"productDetailsName","value":"Maresi - Das Original - 500 G"},{"key":"detailsDescription","value":"500 G"},{"key":"articleNumber","value":"Artikelnummer: 105354"},{"key":"Lagerhinweis:","value":["Bei Zimmertemperatur lagern, vor starkem Licht schützen. Nach dem Öffnen gekühlt lagern und innerhalb einer Woche verbrauchen."]},{"key":"Zutaten:","value":["Zutaten: Konzentrierte VOLLMILCH. In Großbuchstaben angegebene Zutaten enthalten allergene Inhaltsstoffe."]},{"key":"Allergene:","value":["Enthält:Milch und daraus gewonnene Erzeugnisse (inkl. Laktose)"]},{"key":"Identitätskennzeichen:","value":["AT 62640 EG"]},{"key":"Zusatztext:","value":["Nur durch Wärmebehandlung, ohne Zusatz von Konservierungsstoffen laut Gesetz haltbar gemacht.  Natürlich Gentechnikfrei erzeugt gemäß Codex-Richtlinie \"Gentechnikfreie Produktion\", Kontrolle durch Lacon GmbH."]},{"key":"Verbrauchen nach dem Öffnen:","value":["7 Tage"]},{"key":"Kontakt:","value":["Maresi Austria GmbH","Meytensgasse 27, Postfach 111, A-1131 Wien","0800/216411"]}],"nutritions":[{"key":"","value":"Unzubereitet"},{"key":" ","value":"100 g"},{"key":"Energie","value":"520 kJ | 125 kcal"},{"key":"Fett","value":"7,5 g"},{"key":"Fett, davon gesättigte Fettsäuren","value":"4,7 g"},{"key":"Kohlenhydrate","value":"8,4 g"},{"key":"Kohlenhydrate, davon Zucker","value":"8,4 g"},{"key":"Eiweiß","value":"5,9 g"},{"key":"Salz","value":"0,22 g"}],"tags":[]},
    {"url":"https://www.interspar.at/shop/lebensmittel/p/105385","data":[{"key":"price","value":"1,19 €"},{"key":"oldPrice","value":"\n\t\t\t\t\t\n\t\t\t\t\t \n\t\t\t\t"},{"key":"pricePerUnit","value":"(4.76 €/kg)"},{"key":"productDetailsName","value":"Maresi - Das Original - 250 G"},{"key":"detailsDescription","value":"250 G"},{"key":"articleNumber","value":"Artikelnummer: 105385"},{"key":"Lagerhinweis:","value":["Bei Zimmertemperatur lagern, vor starkem Licht schützen. Nach dem Öffnen gekühlt lagern und innerhalb einer Woche verbrauchen."]},{"key":"Zutaten:","value":["Zutaten: Konzentrierte VOLLMILCH*. *Erzeugt gemäß Codex-Richtlinie \"Gentechnikfreie Produktion\", Kontrolle durch Lacon GmbH. In Großbuchstaben angegebene Zutaten enthalten allergene Inhaltsstoffe."]},{"key":"Allergene:","value":["Enthält:Milch und daraus gewonnene Erzeugnisse (inkl. Laktose)"]},{"key":"Identitätskennzeichen:","value":["AT 62640 EG"]},{"key":"Zusatztext:","value":["Nur durch Wärmebehandlung, ohne Zusatz von Konservierungsstoffen laut Gesetz haltbar gemacht.  Natürlich Gentechnikfrei erzeugt gemäß Codex-Richtlinie \"Gentechnikfreie Produktion\", Kontrolle durch Lacon GmbH."]},{"key":"Verbrauchen nach dem Öffnen:","value":["1 Wochen"]},{"key":"Kontakt:","value":["Maresi Austria GmbH","Meytensgasse 27, Postfach 111, A-1131 Wien","0800/216411"]}],"nutritions":[{"key":"","value":"Unzubereitet"},{"key":" ","value":"100 g"},{"key":"Energie","value":"520 kJ | 125 kcal"},{"key":"Fett","value":"7,5 g"},{"key":"Fett, davon gesättigte Fettsäuren","value":"4,7 g"},{"key":"Kohlenhydrate","value":"8,4 g"},{"key":"Kohlenhydrate, davon Zucker","value":"8,4 g"},{"key":"Eiweiß","value":"5,9 g"},{"key":"Salz","value":"0,22 g"}],"tags":[]},
    {"url":"https://www.interspar.at/shop/lebensmittel/p/2020001638437","data":[{"key":"price","value":"0,59 €"},{"key":"oldPrice","value":"\n\t\t\t\t\t\n\t\t\t\t\t \n\t\t\t\t"},{"key":"pricePerUnit","value":"(3.28 €/kg)"},{"key":"productDetailsName","value":"NÖM Cremix - Dessert Kokos Weiße Schoko Mandel - 180 G"},{"key":"detailsDescription","value":"180 G"},{"key":"articleNumber","value":"Artikelnummer: 2020001638437"},{"key":"Lagerhinweis:","value":["gekühlt (3-9°C) lagern."]},{"key":"Zutaten:","value":["Zutaten: JOGHURT** mild, Zucker, Wasser, 2% Kokosraspeln, Glukose-Fruktosesirup, 1% weiße Schokolade (Zucker, Kakaobutter, VOLLMILCHPULVER, Emulgator: Sonnenblumenlecithin, Vanillepulver), 1% MANDELSTÜCKCHEN, modifizierte Stärke, Stabilisator: Johannisbrotkernmehl, natürliches Aroma. **aus gentechnikfreier Milch laut Definition des Österreichischen Lebensmittelcodex für gentechnikfreie Produktion; Kontrolle durch agroVet GmbH. In Großbuchstaben angegebene Zutaten enthalten allergene Inhaltsstoffe."]},{"key":"Allergene:","value":["Enthält:Milch und daraus gewonnene Erzeugnisse (inkl. Laktose), Schalenfrüchte und daraus gewonnene Erzeugnisse"]},{"key":"Identitätskennzeichen:","value":["AT 30960 EG"]},{"key":"Kontakt:","value":["NÖM AG","Vöslauer Straße 109, 2500 Baden, Österreich","0800 800 500","www.noem.at"]}],"nutritions":[{"key":"","value":"Unzubereitet"},{"key":"Energie","value":"593 kJ | 142 kcal | 7 %"},{"key":"Fett","value":"7,6 g | 11 %"},{"key":"Fett, davon gesättigte Fettsäuren","value":"4,6 g | 23 %"},{"key":"Kohlenhydrate","value":"14,5 g | 6 %"},{"key":"Kohlenhydrate, davon Zucker","value":"13,9 g | 15 %"},{"key":"Eiweiß","value":"3,1 g | 6 %"},{"key":"Salz","value":"0,1 g | 2 %"},{"key":"","value":"Unzubereitet"},{"key":"Energie","value":"1067 kJ | 256 kcal"},{"key":"Fett","value":"13,7 g"},{"key":"Fett, davon gesättigte Fettsäuren","value":"8,3 g"},{"key":"Kohlenhydrate","value":"26,1 g"},{"key":"Kohlenhydrate, davon Zucker","value":"25 g"},{"key":"Eiweiß","value":"5,6 g"},{"key":"Salz","value":"0,18 g"}],"tags":[]},
    {"url":"https://www.interspar.at/shop/lebensmittel/p/206563","data":[{"key":"price","value":"6,59 €"},{"key":"oldPrice","value":"\n\t\t\t\t\t\n\t\t\t\t\t \n\t\t\t\t"},{"key":"pricePerUnit","value":"(13.18 €/kg)"},{"key":"productDetailsName","value":"Schärdinger - Butterschmalz - 500 G"},{"key":"detailsDescription","value":"500 G"},{"key":"articleNumber","value":"Artikelnummer: 206563"},{"key":"Lagerhinweis:","value":["Gekühlt (3-6°C) lagern."]},{"key":"Zutaten:","value":["BUTTERSCHMALZ. In Großbuchstaben angegebene Zutaten enthalten allergene Inhaltstoffe."]},{"key":"Allergene:","value":["Enthält:Milch und daraus gewonnene Erzeugnisse (inkl. Laktose)"]},{"key":"","value":["Laktosefrei"]},{"key":"Identitätskennzeichen:","value":["AT 30751 EG"]},{"key":"Kontakt:","value":["Berglandmilch eGen","Schubertstraße 30, 4600 Wels, Österreich"]}],"nutritions":[{"key":"","value":"Unzubereitet"},{"key":" ","value":"100 g"},{"key":"Energie","value":"3674 kJ | 894 kcal"},{"key":"Fett","value":"99 g"},{"key":"Fett, davon gesättigte Fettsäuren","value":"64 g"},{"key":"Kohlenhydrate","value":"0 g"},{"key":"Kohlenhydrate, davon Zucker","value":"0 g"},{"key":"Eiweiß","value":"0 g"},{"key":"Salz","value":"0,03 g"}],"tags":["Lactosefrei"]},
    {"url":"https://www.interspar.at/shop/lebensmittel/p/2708102","data":[{"key":"price","value":"1,79 €"},{"key":"oldPrice","value":"\n\t\t\t\t\t\n\t\t\t\t\t \n\t\t\t\t"},{"key":"pricePerUnit","value":"(4.48 €/kg)"},{"key":"productDetailsName","value":"Ceres - Soft Pflanzenfett - 400 G"},{"key":"detailsDescription","value":"400 G"},{"key":"articleNumber","value":"Artikelnummer: 2708102"},{"key":"Lagerhinweis:","value":["Vor Wärme schützen, trocken und dunkel lagern."]},{"key":"Zutaten:","value":["Zutaten: Sonnenblumenöl 55%, Palmöl 45%."]},{"key":"Kontakt:","value":["Vereinigte Fettwarenindustrie GmbH","Vogelweiderstraße 71-73 , 4600 Wels, Österreich"]}],"nutritions":[{"key":"","value":"Unzubereitet"},{"key":" ","value":"100 g"},{"key":"Energie","value":"3700 kJ | 900 kcal"},{"key":"Fett","value":"100 g"},{"key":"Fett, davon gesättigte Fettsäuren","value":"30 g"},{"key":"Kohlenhydrate","value":"0 g"},{"key":"Kohlenhydrate, davon Zucker","value":"0 g"},{"key":"Eiweiß","value":"0 g"},{"key":"Salz","value":"0 g"}],"tags":["Vegan","Lactosefrei","immer Billig"]},
    {"url":"https://www.interspar.at/shop/lebensmittel/p/4115588","data":[{"key":"price","value":"2,39 €"},{"key":"oldPrice","value":"\n\t\t\t\t\t\n\t\t\t\t\t \n\t\t\t\t"},{"key":"pricePerUnit","value":"(3.41 €/kg)"},{"key":"productDetailsName","value":"Maresi - Das Original - 700 G"},{"key":"detailsDescription","value":"700 G"},{"key":"articleNumber","value":"Artikelnummer: 4115588"},{"key":"Lagerhinweis:","value":["Bei Zimmertemperatur lagern, vor starkem Licht schützen. Nach dem Öffnen gekühlt lagern und innerhalb einer Woche verbrauchen."]},{"key":"Zutaten:","value":["Zutaten: Konzentrierte VOLLMILCH. In Großbuchstaben angegebene Zutaten enthalten allergene Inhaltsstoffe."]},{"key":"Allergene:","value":["Enthält:Milch und daraus gewonnene Erzeugnisse (inkl. Laktose)"]},{"key":"Identitätskennzeichen:","value":["AT 62640 EG"]},{"key":"Zusatztext:","value":["Nur durch Wärmebehandlung, ohne Zusatz von Konservierungsstoffen laut Gesetz haltbar gemacht.  Natürlich Gentechnikfrei erzeugt gemäß Codex-Richtlinie \"Gentechnikfreie Produktion\" Kontrolle durch Lacon GmbH."]},{"key":"Verbrauchen nach dem Öffnen:","value":["7 Tage"]},{"key":"Kontakt:","value":["Maresi Austria GmbH","Meytensgasse 27, Postfach 111, A-1131 Wien","0800/216411"]}],"nutritions":[{"key":"","value":"Unzubereitet"},{"key":" ","value":"100 g"},{"key":"Energie","value":"520 kJ | 125 kcal"},{"key":"Fett","value":"7,5 g"},{"key":"Fett, davon gesättigte Fettsäuren","value":"4,7 g"},{"key":"Kohlenhydrate","value":"8,4 g"},{"key":"Kohlenhydrate, davon Zucker","value":"8,4 g"},{"key":"Eiweiß","value":"5,9 g"},{"key":"Salz","value":"0,22 g"}],"tags":[]},
    {"url":"https://www.interspar.at/shop/lebensmittel/p/493239","data":[{"key":"price","value":"1,29 €"},{"key":"oldPrice","value":"\n\t\t\t\t\t\n\t\t\t\t\t \n\t\t\t\t"},{"key":"pricePerUnit","value":"(2.58 €/kg)"},{"key":"productDetailsName","value":"Schachinger - Anna's Schnitzelschmalz - 500 G"},{"key":"detailsDescription","value":"500 G"},{"key":"articleNumber","value":"Artikelnummer: 493239"},{"key":"Lagerhinweis:","value":["Gekühlt lagern."]},{"key":"Zutaten:","value":["Zutaten: reines Schweineschmalz."]},{"key":"Identitätskennzeichen:","value":["AT 31333EG"]},{"key":"Kontakt:","value":["Schachinger Otto GmbH","Industriestr. 15, 2431 Enzersdorf/Fischa, Österreich"]}],"nutritions":[{"key":"","value":"Unzubereitet"},{"key":" ","value":"100 g"},{"key":"Energie","value":"3709 kJ | 902 kcal"},{"key":"Fett","value":"99 g"},{"key":"Fett, davon gesättigte Fettsäuren","value":"40 g"},{"key":"Kohlenhydrate","value":"0 g"},{"key":"Kohlenhydrate, davon Zucker","value":"0 g"},{"key":"Ballaststoffe","value":"0 g"},{"key":"Eiweiß","value":"0,5 g"},{"key":"Salz","value":"0 g"}],"tags":[]},
    {"url":"https://www.interspar.at/shop/lebensmittel/p/5322527","data":[{"key":"price","value":"0,59 €"},{"key":"oldPrice","value":"\n\t\t\t\t\t\n\t\t\t\t\t \n\t\t\t\t"},{"key":"pricePerUnit","value":"(3.28 €/kg)"},{"key":"productDetailsName","value":"NÖM Cremix - Joghurt Stracciatella - 180 G"},{"key":"detailsDescription","value":"180 G"},{"key":"articleNumber","value":"Artikelnummer: 5322527"},{"key":"Lagerhinweis:","value":["Gekühlt (+ 3-9 °C) lagern."]},{"key":"Zutaten:","value":["Zutaten: JOGHURT mild*, Zucker, Wasser, 2,5% Schokosplits (Kakaomasse, Kakaobutter, Zucker, Emulgator: Sonnenblumenlecithine), Glukose-Fruktosesirup, modifizierte Maisstärke, Säuerungsmittel: Citronensäure, Säureregulator: Natriumcitrat. *aus gentechnikfreier Milch laut Definition des Österreichischen Lebensmittelcodex für gentechnikfreie Produktion; Kontrolle durch agroVet GmbH. In Großbuchstaben angegebene Zutaten enthalten allergene Inhaltsstoffe."]},{"key":"Allergene:","value":["Enthält:Milch und daraus gewonnene Erzeugnisse (inkl. Laktose)"]},{"key":"Identitätskennzeichen:","value":["AT 30960 EG"]},{"key":"Kontakt:","value":["NÖM AG","Vöslauer Straße 109, 2500 Baden, Österreich","0800 800 500"]}],"nutritions":[{"key":"","value":"Unzubereitet"},{"key":" ","value":"100 g"},{"key":"Energie","value":"618 kJ | 147 kcal | 7 %"},{"key":"Fett","value":"7 g | 10 %"},{"key":"Fett, davon gesättigte Fettsäuren","value":"4,2 g | 21 %"},{"key":"Kohlenhydrate","value":"17,7 g | 7 %"},{"key":"Kohlenhydrate, davon Zucker","value":"16,8 g | 19 %"},{"key":"Eiweiß","value":"2,8 g | 6 %"},{"key":"Salz","value":"0,1 g | 2 %"},{"key":"","value":"Unzubereitet"},{"key":" ","value":"Portion (180 g)"},{"key":"Energie","value":"1112 kJ | 265 kcal"},{"key":"Fett","value":"12,6 g"},{"key":"Fett, davon gesättigte Fettsäuren","value":"7,6 g"},{"key":"Kohlenhydrate","value":"31,9 g"},{"key":"Kohlenhydrate, davon Zucker","value":"30,2 g"},{"key":"Eiweiß","value":"5 g"},{"key":"Salz","value":"0,18 g"}],"tags":[]},
    {"url":"https://www.interspar.at/shop/lebensmittel/p/5322534","data":[{"key":"price","value":"0,59 €"},{"key":"oldPrice","value":"\n\t\t\t\t\t\n\t\t\t\t\t \n\t\t\t\t"},{"key":"pricePerUnit","value":"(3.28 €/kg)"},{"key":"productDetailsName","value":"NÖM Cremix - Joghurt Schoko Banane - 180 G"},{"key":"detailsDescription","value":"180 G"},{"key":"articleNumber","value":"Artikelnummer: 5322534"},{"key":"Lagerhinweis:","value":["Gekühlt (+ 3-9 °C) lagern."]},{"key":"Zutaten:","value":["Zutaten: JOGHURT mild*, Zucker, 3,2% Bananenpüree, 2,5% Schokosplits (Kakaomasse, Kakaobutter, Zucker, Emulgator: Sonnenblumenlecithine), 1,6% Bananensaft aus Bananensaftonzentrat, modifizierte Maisstärke, Säuerungsmittel: Citronensäure, Farbstoff: Beta-Carotin, Aroma. *aus gentechnikfreier Milch laut Definition des Österreichischen Lebensmittelcodex für gentechnikfreie Produktion; Kontrolle durch agroVet GmbH. In Großbuchstaben angegebene Zutaten enthalten allergene Inhaltsstoffe."]},{"key":"Allergene:","value":["Enthält:Milch und daraus gewonnene Erzeugnisse (inkl. Laktose)"]},{"key":"Identitätskennzeichen:","value":["AT 30960 EG"]},{"key":"Kontakt:","value":["NÖM AG","Vöslauer Straße 109, 2500 Baden, Österreich","0800 800 500"]}],"nutritions":[{"key":"","value":"Unzubereitet"},{"key":" ","value":"100 g"},{"key":"Energie","value":"601 kJ | 143 kcal | 7 %"},{"key":"Fett","value":"7 g | 10 %"},{"key":"Fett, davon gesättigte Fettsäuren","value":"4,2 g | 21 %"},{"key":"Kohlenhydrate","value":"16,6 g | 6 %"},{"key":"Kohlenhydrate, davon Zucker","value":"15,7 g | 17 %"},{"key":"Eiweiß","value":"2,9 g | 6 %"},{"key":"Salz","value":"0,1 g | 2 %"},{"key":"","value":"Unzubereitet"},{"key":" ","value":"Portion (180 g)"},{"key":"Energie","value":"1082 kJ | 257 kcal"},{"key":"Fett","value":"12,6 g"},{"key":"Fett, davon gesättigte Fettsäuren","value":"7,6 g"},{"key":"Kohlenhydrate","value":"29,9 g"},{"key":"Kohlenhydrate, davon Zucker","value":"28,3 g"},{"key":"Eiweiß","value":"5,2 g"},{"key":"Salz","value":"0,18 g"}],"tags":[]},
    {"url":"https://www.interspar.at/shop/lebensmittel/p/743495","data":[{"key":"price","value":"1,89 €"},{"key":"oldPrice","value":"\n\t\t\t\t\t\n\t\t\t\t\t \n\t\t\t\t"},{"key":"pricePerUnit","value":"(3.78 €/kg)"},{"key":"productDetailsName","value":"Maresi - Die Leichte - 500 G"},{"key":"detailsDescription","value":"500 G"},{"key":"articleNumber","value":"Artikelnummer: 743495"},{"key":"Lagerhinweis:","value":["Bei Zimmertemperatur lagern, vor starkem Licht schützen. Nach dem Öffnen gekühlt lagern und innerhalb einer Woche verbrauchen."]},{"key":"Zutaten:","value":["Zutaten: Teilentrahmte konzentrierte MILCH. In Großbuchstaben angegebene Zutaten enthalten allergene Inhaltsstoffe."]},{"key":"Allergene:","value":["Enthält:Milch und daraus gewonnene Erzeugnisse (inkl. Laktose)"]},{"key":"Identitätskennzeichen:","value":["AT 62640 EG"]},{"key":"Zusatztext:","value":["Nur durch Wärmebehandlung ohne Zusatz von Konservierungsstoffen laut Gesetz haltbar gemacht.  Natürlich Gentechnikfrei erzeugt gemäß Codex-Richtlinie \"Gentechnikfreie Produktion\", Kontrolle durch Lacon GmbH."]},{"key":"Verbrauchen nach dem Öffnen:","value":["7 Tage"]},{"key":"Kontakt:","value":["Maresi Austria GmbH","Meytensgasse 27, Postfach 111, A-1131 Wien","0800/216411"]}],"nutritions":[{"key":"","value":"Unzubereitet"},{"key":" ","value":"100 g"},{"key":"Energie","value":"381 kJ | 91 kcal"},{"key":"Fett","value":"4 g"},{"key":"Fett, davon gesättigte Fettsäuren","value":"2,6 g"},{"key":"Kohlenhydrate","value":"7,9 g"},{"key":"Kohlenhydrate, davon Zucker","value":"7,9 g"},{"key":"Eiweiß","value":"5,7 g"},{"key":"Salz","value":"0,21 g"}],"tags":[]},
    {"url":"https://www.interspar.at/shop/lebensmittel/p/961769","data":[{"key":"price","value":"1,59 €"},{"key":"oldPrice","value":"\n\t\t\t\t\t\n\t\t\t\t\t \n\t\t\t\t"},{"key":"pricePerUnit","value":"(3.88 €/kg)"},{"key":"productDetailsName","value":"Die leichte Muh - Kaffeemilch - 410 G"},{"key":"detailsDescription","value":"410 G"},{"key":"articleNumber","value":"Artikelnummer: 961769"},{"key":"Lagerhinweis:","value":["Nicht über Zimmertemperatur lagern. Nach dem Öffnen gekühlt lagern und innerhalb von 5 Tagen verbrauchen."]},{"key":"Zutaten:","value":["Zutaten: Teilentrahmte konzentrierte MILCH. In Großbuchstaben angegebene Zutaten enthalten allergene Inhaltsstoffe."]},{"key":"Allergene:","value":["Enthält:Milch und daraus gewonnene Erzeugnisse (inkl. Laktose)"]},{"key":"Identitätskennzeichen:","value":["AT 62640 EG"]},{"key":"Zusatztext:","value":["Natürlich gentechnikfrei* *erzeugt gemäß Codex-Richtlinie \"Gentechnikfreie Produktion\", Kontrolle durch Lacon GmbH."]},{"key":"Verbrauchen nach dem Öffnen:","value":["5 Tage"]},{"key":"Kontakt:","value":["Maresi Austria GmbH","Meytensgasse 27, Postfach 111, A-1131 Wien","0800/216411 aus ganz Österreich kostenlos"]}],"nutritions":[{"key":"","value":"Unzubereitet"},{"key":" ","value":"100 g"},{"key":"Energie","value":"388 kJ | 93 kcal"},{"key":"Fett","value":"5,2 g"},{"key":"Fett, davon gesättigte Fettsäuren","value":"3,2 g"},{"key":"Kohlenhydrate","value":"6,7 g"},{"key":"Kohlenhydrate, davon Zucker","value":"6,7 g"},{"key":"Eiweiß","value":"4,8 g"},{"key":"Salz","value":"0,18 g"}],"tags":[]},
    {"url":"https://www.interspar.at/shop/lebensmittel/p/989978","data":[{"key":"price","value":"2,99 €"},{"key":"oldPrice","value":"\n\t\t\t\t\t\n\t\t\t\t\t \n\t\t\t\t"},{"key":"pricePerUnit","value":"(2.99 €/kg)"},{"key":"productDetailsName","value":"Cremana - Reines Pflanzenfett - 1 KG"},{"key":"detailsDescription","value":"1 KG"},{"key":"articleNumber","value":"Artikelnummer: 989978"},{"key":"Lagerhinweis:","value":["Vor Wärme und direktem Sonnenlicht schützen."]},{"key":"Zutaten:","value":["Zutaten: Pflanzliche Fette (Palm, Kokos - in veränderlichen Gewichtsanteilen), Rapsöl."]},{"key":"Zusatztext:","value":["Ideal zum Braten, Frittieren und für Fondue."]},{"key":"Kontakt:","value":["Walter Rau Lebensmittelwerke GmbH","Münsterstraße 9, 49176 Hilter am Teutoburger Wald, Deutschland"]}],"nutritions":[{"key":"","value":"Unzubereitet"},{"key":" ","value":"100 g"},{"key":"Energie","value":"3700 kJ | 900 kcal"},{"key":"Fett","value":"100 g"},{"key":"Fett, davon gesättigte Fettsäuren","value":"47 g"},{"key":"Kohlenhydrate","value":"0 g"},{"key":"Kohlenhydrate, davon Zucker","value":"0 g"},{"key":"Eiweiß","value":"0 g"},{"key":"Salz","value":"0 g"}],"tags":["Vegan","Lactosefrei"]},
    {"url":"https://www.interspar.at/shop/lebensmittel/p/190909","data":[{"key":"price","value":"0,59 €"},{"key":"oldPrice","value":"\n\t\t\t\t\t\n\t\t\t\t\t \n\t\t\t\t"},{"key":"pricePerUnit","value":"(3.28 €/kg)"},{"key":"productDetailsName","value":"NÖM Mix - Joghurt Kaffee - 180 G"},{"key":"detailsDescription","value":"180 G"},{"key":"articleNumber","value":"Artikelnummer: 190909"},{"key":"Lagerhinweis:","value":["Gekühlt (+ 3-9 °C) lagern."]},{"key":"Zutaten:","value":["Zutaten: JOGHURT aus gentechnikfreier Milch*, Zucker, Wasser, 0,4% Kaffeepulver, Maisstärke, Stabilisator: Pektine; Zitronensaftkonzentrat, Speisesalz. *laut Definition des Österreichischen Lebensmittelcodex für gentechnikfreie Produktion; Kontrolle durch agroVet GmbH. In Großbuchstaben angegebene Zutaten enthalten allergene Inhaltsstoffe."]},{"key":"Allergene:","value":["Enthält:Milch und daraus gewonnene Erzeugnisse (inkl. Laktose)"]},{"key":"Identitätskennzeichen:","value":["AT 30960 EG"]},{"key":"Kontakt:","value":["NÖM AG","Vöslauer Straße 109, 2500 Baden, Österreich","0800 800 500"]}],"nutritions":[{"key":"","value":"Unzubereitet"},{"key":" ","value":"100 g"},{"key":"Energie","value":"466 kJ | 110 kcal | 6 %"},{"key":"Fett","value":"2,5 g | 4 %"},{"key":"Fett, davon gesättigte Fettsäuren","value":"1,5 g | 8 %"},{"key":"Kohlenhydrate","value":"17,9 g | 7 %"},{"key":"Kohlenhydrate, davon Zucker","value":"17,1 g | 18 %"},{"key":"Eiweiß","value":"3,7 g | 7 %"},{"key":"Salz","value":"0,1 g | 2 %"},{"key":"","value":"Unzubereitet"},{"key":" ","value":"Portion (180 g)"},{"key":"Energie","value":"839 kJ | 198 kcal"},{"key":"Fett","value":"4,5 g"},{"key":"Fett, davon gesättigte Fettsäuren","value":"2,7 g"},{"key":"Kohlenhydrate","value":"32,2 g"},{"key":"Kohlenhydrate, davon Zucker","value":"30,8 g"},{"key":"Eiweiß","value":"6,7 g"},{"key":"Salz","value":"0,18 g"}],"tags":[]},
    {"url":"https://www.interspar.at/shop/lebensmittel/p/198943","data":[{"key":"price","value":"0,59 €"},{"key":"oldPrice","value":"\n\t\t\t\t\t\n\t\t\t\t\t \n\t\t\t\t"},{"key":"pricePerUnit","value":"(3.28 €/kg)"},{"key":"productDetailsName","value":"NÖM Mix - Joghurt Vanille - 180 G"},{"key":"detailsDescription","value":"180 G"},{"key":"articleNumber","value":"Artikelnummer: 198943"},{"key":"Lagerhinweis:","value":["Gekühlt (+ 3-9 °C) lagern."]},{"key":"Zutaten:","value":["Zutaten: JOGHURT aus gentechnikfreier Milch*, Zucker, Wasser, Maisstärke, Stabilisator: Pektine, Vanilleschoten gemahlen, Zitronensaftkonzentrat, Bourbon-Vanilleschotenextrakt. *laut Definition des Österreichischen Lebensmittelcodex für gentechnikfreie Produktion; Kontrolle durch agroVet GmbH. In Großbuchstaben angegebene Zutaten enthalten allergene Inhaltsstoffe."]},{"key":"Allergene:","value":["Enthält:Milch und daraus gewonnene Erzeugnisse (inkl. Laktose)"]},{"key":"Identitätskennzeichen:","value":["AT 30960 EG"]},{"key":"Kontakt:","value":["NÖM AG","Vöslauer Straße 109, 2500 Baden, Österreich","0800 800 500"]}],"nutritions":[{"key":"","value":"Unzubereitet"},{"key":" ","value":"100 g"},{"key":"Energie","value":"450 kJ | 107 kcal | 5 %"},{"key":"Fett","value":"2,5 g | 4 %"},{"key":"Fett, davon gesättigte Fettsäuren","value":"1,5 g | 8 %"},{"key":"Kohlenhydrate","value":"16,8 g | 7 %"},{"key":"Kohlenhydrate, davon Zucker","value":"16,4 g | 18 %"},{"key":"Eiweiß","value":"3,7 g | 7 %"},{"key":"Salz","value":"0,1 g | 2 %"},{"key":"","value":"Unzubereitet"},{"key":" ","value":"Portion (180 g)"},{"key":"Energie","value":"810 kJ | 193 kcal"},{"key":"Fett","value":"4,5 g"},{"key":"Fett, davon gesättigte Fettsäuren","value":"2,7 g"},{"key":"Kohlenhydrate","value":"30,2 g"},{"key":"Kohlenhydrate, davon Zucker","value":"29,5 g"},{"key":"Eiweiß","value":"6,7 g"},{"key":"Salz","value":"0,18 g"}],"tags":[]},
    {"url":"https://www.interspar.at/shop/lebensmittel/p/2020001217397","data":[{"key":"price","value":"2,09 €"},{"key":"oldPrice","value":"\n\t\t\t\t\t\n\t\t\t\t\t \n\t\t\t\t"},{"key":"pricePerUnit","value":"(8.36 €/kg)"},{"key":"productDetailsName","value":"Meggle - Butter mit Joghurt - 250 G"},{"key":"detailsDescription","value":"250 G"},{"key":"articleNumber","value":"Artikelnummer: 2020001217397"},{"key":"Lagerhinweis:","value":["Bei max. +8°C lagern."]},{"key":"Zutaten:","value":["Zutaten: BUTTER 71%, JOGHURT 23%, Rapsöl 15%. In Großbuchstaben angegebene Zutaten enthalten allergene Inhaltsstoffe."]},{"key":"Allergene:","value":["Enthält:Milch und daraus gewonnene Erzeugnisse (inkl. Laktose)"]},{"key":"","value":["Ohne Zuckerzusatz","Frei von Soja","Glutenfrei"]},{"key":"Identitätskennzeichen:","value":["DE BY 111 EG"]},{"key":"Kontakt:","value":["Molkerei Meggle Wasserburg GmbH & Co. KG","Megglestraße 6-12, 83512 Wasserburg, Deutschland"]}],"nutritions":[{"key":"","value":"Unzubereitet"},{"key":" ","value":"100 g"},{"key":"Energie","value":"2442 kJ | 594 kcal"},{"key":"Fett","value":"65 g"},{"key":"Fett, davon gesättigte Fettsäuren","value":"35 g"},{"key":"Kohlenhydrate","value":"0,9 g"},{"key":"Kohlenhydrate, davon Zucker","value":"0,9 g"},{"key":"Ballaststoffe","value":"0 g"},{"key":"Eiweiß","value":"1,3 g"},{"key":"Salz","value":"0,01 g"}],"tags":["Glutenfrei"]},
    {"url":"https://www.interspar.at/shop/lebensmittel/p/2020002053079","data":[{"key":"price","value":"0,59 €"},{"key":"oldPrice","value":"\n\t\t\t\t\t\n\t\t\t\t\t \n\t\t\t\t"},{"key":"pricePerUnit","value":"(3.28 €/kg)"},{"key":"productDetailsName","value":"NÖM Cremix - Dessert Nuss Nougat - 180 G"},{"key":"detailsDescription","value":"180 G"},{"key":"articleNumber","value":"Artikelnummer: 2020002053079"},{"key":"Lagerhinweis:","value":["Gekühlt lagern."]},{"key":"Zutaten:","value":["Zutaten: JOGHURT**, Zucker, Wasser, 1,5% HASELNÜSSE, Glukose-Fruktosesirup, 1% Nussnougat (Zucker, HASELNÜSSE, Kakaobutter, Bourbon-Vanillepulver), Kakaopulver, modifizierte Stärke, Stabilisator: Pektine, karamellisierter Zucker, Aroma. **aus gentechnikfreier Milch laut Definition des Österreichischen Lebensmittelcodex für gentechnikfreie Produktion; Kontrolle durch agroVet GmbH. In Großbuchstaben angegebene Zutaten enthalten allergene Inhaltsstoffe."]},{"key":"Allergene:","value":["Enthält:Milch und daraus gewonnene Erzeugnisse (inkl. Laktose), Schalenfrüchte und daraus gewonnene Erzeugnisse"]},{"key":"Identitätskennzeichen:","value":["AT 30960 EG"]},{"key":"Kontakt:","value":["NÖM AG","Vöslauer Straße 109, 2500 Baden, Austria","www.noem.at","0800 800 500"]}],"nutritions":[{"key":"","value":"Unzubereitet"},{"key":" ","value":"100 g"},{"key":"Energie","value":"567 kJ | 135 kcal | 7 %"},{"key":"Fett","value":"6,7 g | 10 %"},{"key":"Fett, davon gesättigte Fettsäuren","value":"4 g | 20 %"},{"key":"Kohlenhydrate","value":"15 g | 6 %"},{"key":"Kohlenhydrate, davon Zucker","value":"14 g | 16 %"},{"key":"Eiweiß","value":"3 g | 6 %"},{"key":"Salz","value":"0,1 g | 2 %"},{"key":"","value":"Unzubereitet"},{"key":" ","value":"Portion (180 g)"},{"key":"Energie","value":"1021 kJ | 243 kcal"},{"key":"Fett","value":"12 g"},{"key":"Fett, davon gesättigte Fettsäuren","value":"7,2 g"},{"key":"Kohlenhydrate","value":"27 g"},{"key":"Kohlenhydrate, davon Zucker","value":"25 g"},{"key":"Eiweiß","value":"5,4 g"},{"key":"Salz","value":"0,18 g"}],"tags":[]},
    {"url":"https://www.interspar.at/shop/lebensmittel/p/4957300","data":[{"key":"price","value":"1,49 €"},{"key":"oldPrice","value":"\n\t\t\t\t\t\n\t\t\t\t\t \n\t\t\t\t"},{"key":"pricePerUnit","value":"(2.98 €/kg)"},{"key":"productDetailsName","value":"Schachinger - Oma's Schmalz - 500 G"},{"key":"detailsDescription","value":"500 G"},{"key":"articleNumber","value":"Artikelnummer: 4957300"},{"key":"Lagerhinweis:","value":["gekühlt lagern."]},{"key":"Zutaten:","value":["Zutaten: reines Schweineschmalz. In Großbuchstaben angegebene Zutaten enthalten allergene Inhaltstoffe."]},{"key":"Identitätskennzeichen:","value":["AT 31333EG"]},{"key":"Kontakt:","value":["Schachinger Otto GmbH","Industriestr. 15, 2431 Enzersdorf/Fischa, Österreich"]}],"nutritions":[{"key":"","value":"Zubereitet"},{"key":" ","value":"100 g"},{"key":"Energie","value":"3709 kJ | 902 kcal"},{"key":"Fett","value":"99 g"},{"key":"Fett, davon gesättigte Fettsäuren","value":"40 g"},{"key":"Kohlenhydrate","value":"0 g"},{"key":"Kohlenhydrate, davon Zucker","value":"0 g"},{"key":"Ballaststoffe","value":"0 g"},{"key":"Eiweiß","value":"0,5 g"},{"key":"Salz","value":"0 g"}],"tags":["Glutenfrei","Lactosefrei"]},
    {"url":"https://www.interspar.at/shop/lebensmittel/p/2020000405443","data":[{"key":"price","value":"1,99 €"},{"key":"oldPrice","value":"\n\t\t\t\t\t\n\t\t\t\t\t \n\t\t\t\t"},{"key":"pricePerUnit","value":"(7.96 €/kg)"},{"key":"productDetailsName","value":"SPAR - Streichgold - 250 G"},{"key":"detailsDescription","value":"250 G"},{"key":"articleNumber","value":"Artikelnummer: 2020000405443"},{"key":"Lagerhinweis:","value":["Vor und nach dem Öffnen gekühlt lagern. Nach dem Öffnen innerhalb weniger Tage verbrauchen."]},{"key":"Zutaten:","value":["Zutaten: BUTTER 68%, Rapsöl 19%, Wasser, MAGERMILCHJOGURT. In Großbuchstaben angegebene Zutaten enthalten allergene Inhaltsstoffe."]},{"key":"Allergene:","value":["Enthält:Milch und daraus gewonnene Erzeugnisse (inkl. Laktose)"]},{"key":"Identitätskennzeichen:","value":["DE 111 BY EG"]},{"key":"Ursprungsland/Herkunftsort:","value":["Sorgfältig hergestellt in Deutschland"]},{"key":"Kontakt:","value":["SPAR Österr. Warenhandels-AG","Europastraße 3, 5015 Salzburg, Österreich"]}],"nutritions":[{"key":" ","value":"100 g"},{"key":"","value":"Unzubereitet"},{"key":"Energie","value":"2794 kJ | 679 kcal"},{"key":"Fett","value":"75 g"},{"key":"Fett, davon gesättigte Fettsäuren","value":"38 g"},{"key":"Kohlenhydrate","value":"0,5 g"},{"key":"Kohlenhydrate, davon Zucker","value":"0,5 g"},{"key":"Ballaststoffe","value":"0 g"},{"key":"Eiweiß","value":"0,6 g"},{"key":"Salz","value":"0,01 g"},{"key":"Broteinheiten","value":"0 BE"},{"key":" ","value":"Portion (10 g)"},{"key":"","value":"Unzubereitet"},{"key":"Energie","value":"279 kJ | 68 kcal"},{"key":"Fett","value":"7,5 g"},{"key":"Fett, davon gesättigte Fettsäuren","value":"3,8 g"},{"key":"Kohlenhydrate","value":"< 0,5 g"},{"key":"Kohlenhydrate, davon Zucker","value":"< 0,5 g"},{"key":"Ballaststoffe","value":"0 g"},{"key":"Eiweiß","value":"0,06 g"},{"key":"Salz","value":"< 0,01 g"},{"key":"Broteinheiten","value":"0 BE"}],"tags":[]},
    {"url":"https://www.interspar.at/shop/lebensmittel/p/1144918","data":[{"key":"price","value":"0,65 €"},{"key":"oldPrice","value":"\n\t\t\t\t\t\n\t\t\t\t\t \n\t\t\t\t"},{"key":"pricePerUnit","value":"(4.33 €/kg)"},{"key":"productDetailsName","value":"Zott - Sahne-Joghurt Heidelbeer Panna Cotta - 150 G"},{"key":"detailsDescription","value":"150 G"},{"key":"articleNumber","value":"Artikelnummer: 1144918"},{"key":"Lagerhinweis:","value":["Bei max. +8°C lagern."]},{"key":"Zutaten:","value":["Zutaten: SAHNEJOGHURT mild, Glukose-Fruktose-Sirup, Heidelbeeren und Heidelbeerpüree aus Konzentrat, Zucker, Panna Cotta (SAHNE, Zucker, gemahlene Vanilleschoten, Aroma), färbendes Rote Beetesaftkonzentrat, Aroma. In Großbuchstaben angegebene Zutaten enthalten allergene Inhaltsstoffe."]},{"key":"Allergene:","value":["Enthält:Milch und daraus gewonnene Erzeugnisse (inkl. Laktose)"]},{"key":"Identitätskennzeichen:","value":["DE BY 77721 EG"]},{"key":"Kontakt:","value":["Zott SE & Co. KG","Dr.-Steichele-Straße 2-4, 86690 Mertingen, Deutschland"]}],"nutritions":[{"key":"","value":"Unzubereitet"},{"key":" ","value":"100 g"},{"key":"Energie","value":"634 kJ | 152 kcal"},{"key":"Fett","value":"8,7 g"},{"key":"Fett, davon gesättigte Fettsäuren","value":"5,9 g"},{"key":"Kohlenhydrate","value":"15,1 g"},{"key":"Kohlenhydrate, davon Zucker","value":"14,2 g"},{"key":"Eiweiß","value":"2,4 g"},{"key":"Salz","value":"0,13 g"}],"tags":[]},
    {"url":"https://www.interspar.at/shop/lebensmittel/p/2020000953333","data":[{"key":"price","value":"0,79 €"},{"key":"oldPrice","value":"\n\t\t\t\t\t\n\t\t\t\t\t \n\t\t\t\t"},{"key":"pricePerUnit","value":"(6.58 €/kg)"},{"key":"productDetailsName","value":"Nestlé mix-in - Smarties & Erdbeerjoghurt - 120 G"},{"key":"detailsDescription","value":"120 G"},{"key":"articleNumber","value":"Artikelnummer: 2020000953333"},{"key":"Lagerhinweis:","value":["Bei max. +8°C lagern."]},{"key":"Zutaten:","value":["Zutaten: Gesüsstes Joghurt mit Erdbeergeschmack (87,5%) (VOLLMILCH, Zucker, Erdbeerpürree aus Konzentrat (4,6%), MAGERMILCHPULVER, SAHNE, Milchsäurekulturen, Fruktose, Reisstärke, MINERALSTOFFKONZENTRAT aus MILCH, Aroma, Rote Bete Saftkonzentrat, Vitamin D), Schokolinsen mit Zuckerüberzug (12,5%) (Zucker, Kakaobutter, MAGERMILCHPULVER, Kakaomasse, MOLKENERZEUGNISE, WEIZENMEHL, BUTTERREINFETT, Reisstärke, Emulgator (Lecithine), Frucht- und Gemüsekonzentrate (Färberdistel, Rettich, schwarze Karotte, Zitrone, Hibiskus), Spirulinakonzentrat, Überzugsmittel (Bienenwachs weiß,  Carnaubawachs), natürliches Vanillearoma. Invertzuckersirup). Kann ERDNÜSSE, EIER, SOJABOHNEN, SESAM und NÜSSE (SCHALTENFRÜCHTE) enthalten. In Großbuchstaben angegebene Zutaten enthalten allergene Inhaltstoffe."]},{"key":"Allergene:","value":["Kann ERDNÜSSE, EIER, SOJABOHNEN, SESAM und NÜSSE (SCHALTENFRÜCHTE) enthalten.","Kann Spuren enthalten von:Eier und daraus gewonnene Erzeugnisse, Erdnüsse und daraus gewonnene Erzeugnisse, Schalenfrüchte und daraus gewonnene Erzeugnisse, Sesamsamen und daraus gewonnene Erzeugnisse, Sojabohnen und daraus gewonnene Erzeugnisse","Enthält:Glutenhaltiges Getreide und daraus hergestellte Erzeugnisse, Milch und daraus gewonnene Erzeugnisse (inkl. Laktose)"]},{"key":"Identitätskennzeichen:","value":["FR 42.005.001 CE"]},{"key":"Kontakt:","value":["Lactalis Nestlé Frischeprodukte GmbH","Grabenweg 58, 6020 Innsbruck, Österreich"]}],"nutritions":[{"key":"","value":"Unzubereitet"},{"key":" ","value":"100 g"},{"key":"Energie","value":"618 kJ | 147 kcal"},{"key":"Fett","value":"5,4 g"},{"key":"Fett, davon gesättigte Fettsäuren","value":"3,3 g"},{"key":"Kohlenhydrate","value":"19,9 g"},{"key":"Kohlenhydrate, davon Zucker","value":"18,8 g"},{"key":"Eiweiß","value":"4,1 g"},{"key":"Salz","value":"0,15 g"},{"key":"Vitamin D","value":"0,6 µg | 13 %"}],"tags":[]},
    {"url":"https://www.interspar.at/shop/lebensmittel/p/2020001663897","data":[{"key":"price","value":"0,65 €"},{"key":"oldPrice","value":"\n\t\t\t\t\t\n\t\t\t\t\t \n\t\t\t\t"},{"key":"pricePerUnit","value":"(4.64 €/kg)"},{"key":"productDetailsName","value":"Zott - Sahne Joghurt mild Erdbeersplit - 140 G"},{"key":"detailsDescription","value":"140 G"},{"key":"articleNumber","value":"Artikelnummer: 2020001663897"},{"key":"Lagerhinweis:","value":["Bei max. +8°C lagern."]},{"key":"Zutaten:","value":["Zutaten: SAHNEJOGHURT mild, Zucker, 6% Erdbeeren und Erdbeerpüree aus Konzentrat, Glukose-Fruktose-Sirup, 1,8% weiße Schokoladensplits, färbendes Rote Beetesaftkonzentrat, Aroma. In Großbuchstaben angegebene Zutaten enthalten allergene Inhaltsstoffe."]},{"key":"Allergene:","value":["Enthält:Milch und daraus gewonnene Erzeugnisse (inkl. Laktose)"]},{"key":"Identitätskennzeichen:","value":["DE BY 77721 EG"]},{"key":"Kontakt:","value":["Zott SE & Co. KG","Dr.-Steichele-Str. 2-4, 86690 Mertingen, Deutschland"]}],"nutritions":[{"key":"","value":"Unzubereitet"},{"key":" ","value":"100 g"},{"key":"Energie","value":"640 kJ | 153 kcal"},{"key":"Fett","value":"9,4 g"},{"key":"Fett, davon gesättigte Fettsäuren","value":"6,3 g"},{"key":"Kohlenhydrate","value":"13,8 g"},{"key":"Kohlenhydrate, davon Zucker","value":"13,1 g"},{"key":"Eiweiß","value":"2,5 g"},{"key":"Salz","value":"0,13 g"}],"tags":[]},
    {"url":"https://www.interspar.at/shop/lebensmittel/p/2020001663910","data":[{"key":"price","value":"0,65 €"},{"key":"oldPrice","value":"\n\t\t\t\t\t\n\t\t\t\t\t \n\t\t\t\t"},{"key":"pricePerUnit","value":"(4.64 €/kg)"},{"key":"productDetailsName","value":"Zott - Sahne Joghurt mild Bananensplit - 140 G"},{"key":"detailsDescription","value":"140 G"},{"key":"articleNumber","value":"Artikelnummer: 2020001663910"},{"key":"Lagerhinweis:","value":["Bei max. +8°C lagern."]},{"key":"Zutaten:","value":["Zutaten: SAHNEJOGHURT mild, Zucker, 6% Bananenpüree aus Konzentrat, Glukose-Fruktose-Sirup, 1,8% Schokoladensplits, färbendes Karottenkonzentrat, Aroma. In Großbuchstaben angegebene Zutaten enthalten allergene Inhaltsstoffe."]},{"key":"Allergene:","value":["Enthält:Milch und daraus gewonnene Erzeugnisse (inkl. Laktose)"]},{"key":"Identitätskennzeichen:","value":["DE BY 77721 EG"]},{"key":"Kontakt:","value":["Zott SE & Co. KG","Dr.-Steichele-Str. 2-4, 86690 Mertingen, Deutschland"]}],"nutritions":[{"key":"","value":"Unzubereitet"},{"key":" ","value":"100 g"},{"key":"Energie","value":"636 kJ | 152 kcal"},{"key":"Fett","value":"9,2 g"},{"key":"Fett, davon gesättigte Fettsäuren","value":"6,2 g"},{"key":"Kohlenhydrate","value":"13,8 g"},{"key":"Kohlenhydrate, davon Zucker","value":"13,1 g"},{"key":"Eiweiß","value":"2,6 g"},{"key":"Salz","value":"0,08 g"}],"tags":[]},
    {"url":"https://www.interspar.at/shop/lebensmittel/p/2020001663934","data":[{"key":"price","value":"0,65 €"},{"key":"oldPrice","value":"\n\t\t\t\t\t\n\t\t\t\t\t \n\t\t\t\t"},{"key":"pricePerUnit","value":"(4.64 €/kg)"},{"key":"productDetailsName","value":"Zott - Sahne Joghurt mild Kirschsplit - 140 G"},{"key":"detailsDescription","value":"140 G"},{"key":"articleNumber","value":"Artikelnummer: 2020001663934"},{"key":"Lagerhinweis:","value":["Bei max. +8°C lagern."]},{"key":"Zutaten:","value":["Zutaten: SAHNEJOGHURT mild, Zucker, 6% Kirschen und Kirschsaft aus Kirschsaftkonzentrat, Glukose-Fruktose-Sirup, 1,8% Schokoladensplits, färbende Pflanzenkonzentrate aus Rote Beetesaft und Trauben, Aroma. In Großbuchstaben angegebene Zutaten enthalten allergene Inhaltsstoffe."]},{"key":"Allergene:","value":["Enthält:Milch und daraus gewonnene Erzeugnisse (inkl. Laktose)"]},{"key":"Identitätskennzeichen:","value":["DE BY 77721 EG"]},{"key":"Kontakt:","value":["Zott SE & Co. KG","Dr.-Steichele-Str. 2-4, 86690 Mertingen, Deutschland"]}],"nutritions":[{"key":"","value":"Unzubereitet"},{"key":" ","value":"100 g"},{"key":"Energie","value":"636 kJ | 152 kcal"},{"key":"Fett","value":"9,2 g"},{"key":"Fett, davon gesättigte Fettsäuren","value":"6,2 g"},{"key":"Kohlenhydrate","value":"13,8 g"},{"key":"Kohlenhydrate, davon Zucker","value":"13,1 g"},{"key":"Eiweiß","value":"2,6 g"},{"key":"Salz","value":"0,08 g"}],"tags":[]},
    {"url":"https://www.interspar.at/shop/lebensmittel/p/2020001693597","data":[{"key":"price","value":"1,49 €"},{"key":"oldPrice","value":"\n\t\t\t\t\t\n\t\t\t\t\t \n\t\t\t\t"},{"key":"pricePerUnit","value":"(5.96 €/kg)"},{"key":"productDetailsName","value":"Danone Oikos Greek - Joghurt nach griechischer Art Erdbeere 2 x 125g - 250 G"},{"key":"detailsDescription","value":"250 G"},{"key":"articleNumber","value":"Artikelnummer: 2020001693597"},{"key":"Lagerhinweis:","value":["Bei maximal +8 °C lagern."]},{"key":"Zutaten:","value":["Zutaten: RAHMJOGHURT, 13% Erdbeeren, Zucker, modifizierte Stärke, färbendes Konzentrat (Rote Bete), Verdickungsmittel: Johannisbrotkernmehl. Enthält MILCH. In Großbuchstaben angegebene Zutaten enthalten allergene Inhaltstoffe."]},{"key":"Allergene:","value":["Enthält:Milch und daraus gewonnene Erzeugnisse (inkl. Laktose)"]},{"key":"Identitätskennzeichen:","value":["DE BY-601 EG"]},{"key":"Kontakt:","value":["Danone GmbH","Technologiestraße 10, 1120 Wien, Österreich","+43 (0)1 / 211 57-207"]}],"nutritions":[{"key":"","value":"Unzubereitet"},{"key":" ","value":"100 g"},{"key":"Energie","value":"574 kJ | 138 kcal"},{"key":"Fett","value":"7,9 g"},{"key":"Fett, davon gesättigte Fettsäuren","value":"5 g"},{"key":"Kohlenhydrate","value":"13,8 g"},{"key":"Kohlenhydrate, davon Zucker","value":"12,9 g"},{"key":"Eiweiß","value":"2,7 g"},{"key":"Salz","value":"0,1 g"}],"tags":[]},
    {"url":"https://www.interspar.at/shop/lebensmittel/p/2020001862405","data":[{"key":"price","value":"1,49 €"},{"key":"oldPrice","value":"\n\t\t\t\t\t\n\t\t\t\t\t \n\t\t\t\t"},{"key":"pricePerUnit","value":"(5.96 €/kg)"},{"key":"productDetailsName","value":"Danone Oikos Greek - Joghurt nach griechischer Art Heidelbeere 2 x 125g - 250 G"},{"key":"detailsDescription","value":"250 G"},{"key":"articleNumber","value":"Artikelnummer: 2020001862405"},{"key":"Lagerhinweis:","value":["Bei maximal +8 °C lagern."]},{"key":"Zutaten:","value":["Zutaten: RAHMJOGHURT, Zucker, 8% Heidelbeeren, modifizierte Stärke, Pflanzensaftkonzentrate (Hibiskus, Schwarze Karotte), Säureregulator: Natriumcitrat, Citronensäure; natürliches Aroma, Verdickungsmittel: Johannisbrotkernmehl. In Großbuchstaben angegebene Zutaten enthalten allergene Inhaltsstoffe."]},{"key":"Allergene:","value":["Enthält:Milch und daraus gewonnene Erzeugnisse (inkl. Laktose)"]},{"key":"Identitätskennzeichen:","value":["DE BY-119 EG"]},{"key":"Kontakt:","value":["Danone GmbH","Technologiestraße 10, 1120 Wien, Österreich","+43 (0)1 / 211 57-207"]}],"nutritions":[{"key":"","value":"Unzubereitet"},{"key":" ","value":"100 g"},{"key":"Energie","value":"608 kJ | 146 kcal"},{"key":"Fett","value":"8,5 g"},{"key":"Fett, davon gesättigte Fettsäuren","value":"5,5 g"},{"key":"Kohlenhydrate","value":"14,1 g"},{"key":"Kohlenhydrate, davon Zucker","value":"13,7 g"},{"key":"Eiweiß","value":"2,8 g"},{"key":"Salz","value":"0,15 g"}],"tags":["Glutenfrei"]},
    {"url":"https://www.interspar.at/shop/lebensmittel/p/2799322","data":[{"key":"price","value":"0,65 €"},{"key":"oldPrice","value":"\n\t\t\t\t\t\n\t\t\t\t\t \n\t\t\t\t"},{"key":"pricePerUnit","value":"(4.33 €/kg)"},{"key":"productDetailsName","value":"Zott - Sahne-Joghurt Mango Panna Cotta - 150 G"},{"key":"detailsDescription","value":"150 G"},{"key":"articleNumber","value":"Artikelnummer: 2799322"},{"key":"Lagerhinweis:","value":["Bei max. +8°C lagern."]},{"key":"Zutaten:","value":["Zutaten: SAHNEJOGHURT mild, 8% Mangos und Mangosaft aus Mangosaftkonzentrat, Zucker, 4% Panna Cotta (SAHNE, Zucker, gemahlene extrahierte Vanilleschoten, Aroma), Glukose-Fruktose-Sirup, Farbstoff: Carotin, Aroma. In Großbuchstaben angegebene Zutaten enthalten allergene Inhaltsstoffe."]},{"key":"Allergene:","value":["Enthält:Milch und daraus gewonnene Erzeugnisse (inkl. Laktose)"]},{"key":"Identitätskennzeichen:","value":["DE BY 77721 EG"]},{"key":"Kontakt:","value":["Zott SE & Co. KG","Dr.-Steichele-Straße 2-4, 86690 Mertingen, Deutschland"]}],"nutritions":[{"key":"","value":"Unzubereitet"},{"key":" ","value":"100 g"},{"key":"Energie","value":"634 kJ | 152 kcal"},{"key":"Fett","value":"8,7 g"},{"key":"Fett, davon gesättigte Fettsäuren","value":"5,9 g"},{"key":"Kohlenhydrate","value":"15,1 g"},{"key":"Kohlenhydrate, davon Zucker","value":"14,2 g"},{"key":"Eiweiß","value":"2,4 g"},{"key":"Salz","value":"0,13 g"}],"tags":[]},
    {"url":"https://www.interspar.at/shop/lebensmittel/p/4651628","data":[{"key":"price","value":"0,79 €"},{"key":"oldPrice","value":"\n\t\t\t\t\t\n\t\t\t\t\t \n\t\t\t\t"},{"key":"pricePerUnit","value":"(6.58 €/kg)"},{"key":"productDetailsName","value":"Nestlé mix-in - Joghurt + Smarties Natur - 120 G"},{"key":"detailsDescription","value":"120 G"},{"key":"articleNumber","value":"Artikelnummer: 4651628"},{"key":"Lagerhinweis:","value":["Kühl bei maximal +8°C aufbewahren."]},{"key":"Zutaten:","value":["ZUTATEN: JOGHURT, Schokolinsen mit Zuckerüberzug [Zucker, Kakaomasse, MOLKENERZEUGNIS, BUTTERREINFETT, Kakaobutter, MAGERMILCHPULVER, WEIZENMEHL, Stärke, Emulgator: Lecithine, färbende Frucht und Pflanzenkonzentrate (Färberdistel, Rettich, Karotte, Zitrone, Hibiskus, Rot-kohl), Spirulinakonzentrat, Überzugsmittel: Carnaubawachs, Bienenwachs; Invertzuckersirup], Zucker, Aroma. In Großbuchstaben angegebene Zutaten enthalten allergene Inhaltsstoffe."]},{"key":"Allergene:","value":["Kann Spuren enthalten von:Erdnüsse und daraus gewonnene Erzeugnisse, Schalenfrüchte und daraus gewonnene Erzeugnisse","Enthält:Glutenhaltiges Getreide und daraus hergestellte Erzeugnisse, Milch und daraus gewonnene Erzeugnisse (inkl. Laktose)"]},{"key":"Identitätskennzeichen:","value":["DE BY 602 EG"]},{"key":"Kontakt:","value":["Lactalis Nestlé Frischeprodukte Österreich GmbH","Grabenweg 58/ Top 1, 6020 Innsbruck, Österreich"]}],"nutritions":[{"key":"","value":"Unzubereitet"},{"key":" ","value":"100 g"},{"key":"Energie","value":"718 kJ | 171 kcal"},{"key":"Fett","value":"7,4 g"},{"key":"Fett, davon gesättigte Fettsäuren","value":"4,6 g"},{"key":"Kohlenhydrate","value":"21,9 g"},{"key":"Kohlenhydrate, davon Zucker","value":"21,4 g"},{"key":"Eiweiß","value":"4,3 g"},{"key":"Salz","value":"0,13 g"}],"tags":[]},
    {"url":"https://www.interspar.at/shop/lebensmittel/p/4772217","data":[{"key":"price","value":"0,65 €"},{"key":"oldPrice","value":"\n\t\t\t\t\t\n\t\t\t\t\t \n\t\t\t\t"},{"key":"pricePerUnit","value":"(4.33 €/kg)"},{"key":"productDetailsName","value":"Zott - Sahne-Joghurt Erdbeer - 150 G"},{"key":"detailsDescription","value":"150 G"},{"key":"articleNumber","value":"Artikelnummer: 4772217"},{"key":"Lagerhinweis:","value":["Bei max. +8°C lagern."]},{"key":"Zutaten:","value":["Zutaten: SAHNEJOGHURT mild, 8% Erdbeeren und Erdbeersaft aus Erdbeersaftkonzentrat, Zucker, Glukose-Fruktose-Sirup, färbendes Rote Beetesaftkonzentrat, Aroma. In Großbuchstaben angegebene Zutaten enthalten allergene Inhaltsstoffe."]},{"key":"Allergene:","value":["Enthält:Milch und daraus gewonnene Erzeugnisse (inkl. Laktose)"]},{"key":"Identitätskennzeichen:","value":["DE BY 77721 EG"]},{"key":"Kontakt:","value":["Zott SE & Co. KG","Dr.-Steichele-Straße 2-4, 86690 Mertingen, Deutschland"]}],"nutritions":[{"key":"","value":"Unzubereitet"},{"key":" ","value":"100 g"},{"key":"Energie","value":"591 kJ | 141 kcal"},{"key":"Fett","value":"7,9 g"},{"key":"Fett, davon gesättigte Fettsäuren","value":"5,3 g"},{"key":"Kohlenhydrate","value":"14,3 g"},{"key":"Kohlenhydrate, davon Zucker","value":"13,6 g"},{"key":"Eiweiß","value":"2,4 g"},{"key":"Salz","value":"0,13 g"}],"tags":[]},
    {"url":"https://www.interspar.at/shop/lebensmittel/p/4772255","data":[{"key":"price","value":"0,65 €"},{"key":"oldPrice","value":"\n\t\t\t\t\t\n\t\t\t\t\t \n\t\t\t\t"},{"key":"pricePerUnit","value":"(4.33 €/kg)"},{"key":"productDetailsName","value":"Zott - Sahne-Joghurt Pfirsich-Maracuja - 150 G"},{"key":"detailsDescription","value":"150 G"},{"key":"articleNumber","value":"Artikelnummer: 4772255"},{"key":"Lagerhinweis:","value":["Bei max. +8°C lagern."]},{"key":"Zutaten:","value":["Zutaten: SAHNEJOGHURT mild, 8% Früchte (Pfirsiche, Pfirsichsaft aus Pfirsichsaftkonzentrat, Maracujasaft aus Maracujasaftkonzentrat), Zucker, Glukose-Fruktose-Sirup, Aroma. In Großbuchstaben angegebene Zutaten enthalten allergene Inhaltsstoffe."]},{"key":"Allergene:","value":["Enthält:Milch und daraus gewonnene Erzeugnisse (inkl. Laktose)"]},{"key":"Identitätskennzeichen:","value":["DE BY 77721 EG"]},{"key":"Kontakt:","value":["Zott SE & Co. KG","Dr.-Steichele-Straße 2-4, 86690 Mertingen, Deutschland"]}],"nutritions":[{"key":"","value":"Unzubereitet"},{"key":" ","value":"100 g"},{"key":"Energie","value":"591 kJ | 141 kcal"},{"key":"Fett","value":"7,9 g"},{"key":"Fett, davon gesättigte Fettsäuren","value":"5,3 g"},{"key":"Kohlenhydrate","value":"14,3 g"},{"key":"Kohlenhydrate, davon Zucker","value":"13,6 g"},{"key":"Eiweiß","value":"2,4 g"},{"key":"Salz","value":"0,13 g"}],"tags":[]},
    {"url":"https://www.interspar.at/shop/lebensmittel/p/4772286","data":[{"key":"price","value":"0,65 €"},{"key":"oldPrice","value":"\n\t\t\t\t\t\n\t\t\t\t\t \n\t\t\t\t"},{"key":"pricePerUnit","value":"(4.33 €/kg)"},{"key":"productDetailsName","value":"Zott - Sahne-Joghurt Himbeer - 150 G"},{"key":"detailsDescription","value":"150 G"},{"key":"articleNumber","value":"Artikelnummer: 4772286"},{"key":"Lagerhinweis:","value":["Bei max. 8°C lagern."]},{"key":"Zutaten:","value":["Zutaten: SAHNEJOGHURT mild, Himbeeren und Himbeersaft aus Himbeersaftkonzentrat, Zucker, Glukose-Fruktose-Sirup, Rote Beetesaftkonzentrat, Aroma. In Großbuchstaben angegebene Zutaten enthalten allergene Inhaltsstoffe."]},{"key":"Allergene:","value":["Enthält:Milch und daraus gewonnene Erzeugnisse (inkl. Laktose)"]},{"key":"Identitätskennzeichen:","value":["DE BY 721"]},{"key":"Kontakt:","value":["Zott SE & Co. KG","Dr.-Steichele-Straße 2-4, 86690 Mertingen, Deutschland"]}],"nutritions":[{"key":"","value":"Unzubereitet"},{"key":" ","value":"100 g"},{"key":"Energie","value":"591 kJ | 141 kcal"},{"key":"Fett","value":"7,9 g"},{"key":"Fett, davon gesättigte Fettsäuren","value":"5,3 g"},{"key":"Kohlenhydrate","value":"14,3 g"},{"key":"Kohlenhydrate, davon Zucker","value":"13,6 g"},{"key":"Eiweiß","value":"2,4 g"},{"key":"Salz","value":"0,13 g"}],"tags":[]},
    {"url":"https://www.interspar.at/shop/lebensmittel/p/1144918","data":[{"key":"price","value":"0,65 €"},{"key":"oldPrice","value":"\n\t\t\t\t\t\n\t\t\t\t\t \n\t\t\t\t"},{"key":"pricePerUnit","value":"(4.33 €/kg)"},{"key":"productDetailsName","value":"Zott - Sahne-Joghurt Heidelbeer Panna Cotta - 150 G"},{"key":"detailsDescription","value":"150 G"},{"key":"articleNumber","value":"Artikelnummer: 1144918"},{"key":"Lagerhinweis:","value":["Bei max. +8°C lagern."]},{"key":"Zutaten:","value":["Zutaten: SAHNEJOGHURT mild, Glukose-Fruktose-Sirup, Heidelbeeren und Heidelbeerpüree aus Konzentrat, Zucker, Panna Cotta (SAHNE, Zucker, gemahlene Vanilleschoten, Aroma), färbendes Rote Beetesaftkonzentrat, Aroma. In Großbuchstaben angegebene Zutaten enthalten allergene Inhaltsstoffe."]},{"key":"Allergene:","value":["Enthält:Milch und daraus gewonnene Erzeugnisse (inkl. Laktose)"]},{"key":"Identitätskennzeichen:","value":["DE BY 77721 EG"]},{"key":"Kontakt:","value":["Zott SE & Co. KG","Dr.-Steichele-Straße 2-4, 86690 Mertingen, Deutschland"]}],"nutritions":[{"key":"","value":"Unzubereitet"},{"key":" ","value":"100 g"},{"key":"Energie","value":"634 kJ | 152 kcal"},{"key":"Fett","value":"8,7 g"},{"key":"Fett, davon gesättigte Fettsäuren","value":"5,9 g"},{"key":"Kohlenhydrate","value":"15,1 g"},{"key":"Kohlenhydrate, davon Zucker","value":"14,2 g"},{"key":"Eiweiß","value":"2,4 g"},{"key":"Salz","value":"0,13 g"}],"tags":[]},
    {"url":"https://www.interspar.at/shop/lebensmittel/p/2020000953333","data":[{"key":"price","value":"0,79 €"},{"key":"oldPrice","value":"\n\t\t\t\t\t\n\t\t\t\t\t \n\t\t\t\t"},{"key":"pricePerUnit","value":"(6.58 €/kg)"},{"key":"productDetailsName","value":"Nestlé mix-in - Smarties & Erdbeerjoghurt - 120 G"},{"key":"detailsDescription","value":"120 G"},{"key":"articleNumber","value":"Artikelnummer: 2020000953333"},{"key":"Lagerhinweis:","value":["Bei max. +8°C lagern."]},{"key":"Zutaten:","value":["Zutaten: Gesüsstes Joghurt mit Erdbeergeschmack (87,5%) (VOLLMILCH, Zucker, Erdbeerpürree aus Konzentrat (4,6%), MAGERMILCHPULVER, SAHNE, Milchsäurekulturen, Fruktose, Reisstärke, MINERALSTOFFKONZENTRAT aus MILCH, Aroma, Rote Bete Saftkonzentrat, Vitamin D), Schokolinsen mit Zuckerüberzug (12,5%) (Zucker, Kakaobutter, MAGERMILCHPULVER, Kakaomasse, MOLKENERZEUGNISE, WEIZENMEHL, BUTTERREINFETT, Reisstärke, Emulgator (Lecithine), Frucht- und Gemüsekonzentrate (Färberdistel, Rettich, schwarze Karotte, Zitrone, Hibiskus), Spirulinakonzentrat, Überzugsmittel (Bienenwachs weiß,  Carnaubawachs), natürliches Vanillearoma. Invertzuckersirup). Kann ERDNÜSSE, EIER, SOJABOHNEN, SESAM und NÜSSE (SCHALTENFRÜCHTE) enthalten. In Großbuchstaben angegebene Zutaten enthalten allergene Inhaltstoffe."]},{"key":"Allergene:","value":["Kann ERDNÜSSE, EIER, SOJABOHNEN, SESAM und NÜSSE (SCHALTENFRÜCHTE) enthalten.","Kann Spuren enthalten von:Eier und daraus gewonnene Erzeugnisse, Erdnüsse und daraus gewonnene Erzeugnisse, Schalenfrüchte und daraus gewonnene Erzeugnisse, Sesamsamen und daraus gewonnene Erzeugnisse, Sojabohnen und daraus gewonnene Erzeugnisse","Enthält:Glutenhaltiges Getreide und daraus hergestellte Erzeugnisse, Milch und daraus gewonnene Erzeugnisse (inkl. Laktose)"]},{"key":"Identitätskennzeichen:","value":["FR 42.005.001 CE"]},{"key":"Kontakt:","value":["Lactalis Nestlé Frischeprodukte GmbH","Grabenweg 58, 6020 Innsbruck, Österreich"]}],"nutritions":[{"key":"","value":"Unzubereitet"},{"key":" ","value":"100 g"},{"key":"Energie","value":"618 kJ | 147 kcal"},{"key":"Fett","value":"5,4 g"},{"key":"Fett, davon gesättigte Fettsäuren","value":"3,3 g"},{"key":"Kohlenhydrate","value":"19,9 g"},{"key":"Kohlenhydrate, davon Zucker","value":"18,8 g"},{"key":"Eiweiß","value":"4,1 g"},{"key":"Salz","value":"0,15 g"},{"key":"Vitamin D","value":"0,6 µg | 13 %"}],"tags":[]},
    {"url":"https://www.interspar.at/shop/lebensmittel/p/2020001663897","data":[{"key":"price","value":"0,65 €"},{"key":"oldPrice","value":"\n\t\t\t\t\t\n\t\t\t\t\t \n\t\t\t\t"},{"key":"pricePerUnit","value":"(4.64 €/kg)"},{"key":"productDetailsName","value":"Zott - Sahne Joghurt mild Erdbeersplit - 140 G"},{"key":"detailsDescription","value":"140 G"},{"key":"articleNumber","value":"Artikelnummer: 2020001663897"},{"key":"Lagerhinweis:","value":["Bei max. +8°C lagern."]},{"key":"Zutaten:","value":["Zutaten: SAHNEJOGHURT mild, Zucker, 6% Erdbeeren und Erdbeerpüree aus Konzentrat, Glukose-Fruktose-Sirup, 1,8% weiße Schokoladensplits, färbendes Rote Beetesaftkonzentrat, Aroma. In Großbuchstaben angegebene Zutaten enthalten allergene Inhaltsstoffe."]},{"key":"Allergene:","value":["Enthält:Milch und daraus gewonnene Erzeugnisse (inkl. Laktose)"]},{"key":"Identitätskennzeichen:","value":["DE BY 77721 EG"]},{"key":"Kontakt:","value":["Zott SE & Co. KG","Dr.-Steichele-Str. 2-4, 86690 Mertingen, Deutschland"]}],"nutritions":[{"key":"","value":"Unzubereitet"},{"key":" ","value":"100 g"},{"key":"Energie","value":"640 kJ | 153 kcal"},{"key":"Fett","value":"9,4 g"},{"key":"Fett, davon gesättigte Fettsäuren","value":"6,3 g"},{"key":"Kohlenhydrate","value":"13,8 g"},{"key":"Kohlenhydrate, davon Zucker","value":"13,1 g"},{"key":"Eiweiß","value":"2,5 g"},{"key":"Salz","value":"0,13 g"}],"tags":[]},
    {"url":"https://www.interspar.at/shop/lebensmittel/p/2020001663910","data":[{"key":"price","value":"0,65 €"},{"key":"oldPrice","value":"\n\t\t\t\t\t\n\t\t\t\t\t \n\t\t\t\t"},{"key":"pricePerUnit","value":"(4.64 €/kg)"},{"key":"productDetailsName","value":"Zott - Sahne Joghurt mild Bananensplit - 140 G"},{"key":"detailsDescription","value":"140 G"},{"key":"articleNumber","value":"Artikelnummer: 2020001663910"},{"key":"Lagerhinweis:","value":["Bei max. +8°C lagern."]},{"key":"Zutaten:","value":["Zutaten: SAHNEJOGHURT mild, Zucker, 6% Bananenpüree aus Konzentrat, Glukose-Fruktose-Sirup, 1,8% Schokoladensplits, färbendes Karottenkonzentrat, Aroma. In Großbuchstaben angegebene Zutaten enthalten allergene Inhaltsstoffe."]},{"key":"Allergene:","value":["Enthält:Milch und daraus gewonnene Erzeugnisse (inkl. Laktose)"]},{"key":"Identitätskennzeichen:","value":["DE BY 77721 EG"]},{"key":"Kontakt:","value":["Zott SE & Co. KG","Dr.-Steichele-Str. 2-4, 86690 Mertingen, Deutschland"]}],"nutritions":[{"key":"","value":"Unzubereitet"},{"key":" ","value":"100 g"},{"key":"Energie","value":"636 kJ | 152 kcal"},{"key":"Fett","value":"9,2 g"},{"key":"Fett, davon gesättigte Fettsäuren","value":"6,2 g"},{"key":"Kohlenhydrate","value":"13,8 g"},{"key":"Kohlenhydrate, davon Zucker","value":"13,1 g"},{"key":"Eiweiß","value":"2,6 g"},{"key":"Salz","value":"0,08 g"}],"tags":[]},
    {"url":"https://www.interspar.at/shop/lebensmittel/p/2020001663934","data":[{"key":"price","value":"0,65 €"},{"key":"oldPrice","value":"\n\t\t\t\t\t\n\t\t\t\t\t \n\t\t\t\t"},{"key":"pricePerUnit","value":"(4.64 €/kg)"},{"key":"productDetailsName","value":"Zott - Sahne Joghurt mild Kirschsplit - 140 G"},{"key":"detailsDescription","value":"140 G"},{"key":"articleNumber","value":"Artikelnummer: 2020001663934"},{"key":"Lagerhinweis:","value":["Bei max. +8°C lagern."]},{"key":"Zutaten:","value":["Zutaten: SAHNEJOGHURT mild, Zucker, 6% Kirschen und Kirschsaft aus Kirschsaftkonzentrat, Glukose-Fruktose-Sirup, 1,8% Schokoladensplits, färbende Pflanzenkonzentrate aus Rote Beetesaft und Trauben, Aroma. In Großbuchstaben angegebene Zutaten enthalten allergene Inhaltsstoffe."]},{"key":"Allergene:","value":["Enthält:Milch und daraus gewonnene Erzeugnisse (inkl. Laktose)"]},{"key":"Identitätskennzeichen:","value":["DE BY 77721 EG"]},{"key":"Kontakt:","value":["Zott SE & Co. KG","Dr.-Steichele-Str. 2-4, 86690 Mertingen, Deutschland"]}],"nutritions":[{"key":"","value":"Unzubereitet"},{"key":" ","value":"100 g"},{"key":"Energie","value":"636 kJ | 152 kcal"},{"key":"Fett","value":"9,2 g"},{"key":"Fett, davon gesättigte Fettsäuren","value":"6,2 g"},{"key":"Kohlenhydrate","value":"13,8 g"},{"key":"Kohlenhydrate, davon Zucker","value":"13,1 g"},{"key":"Eiweiß","value":"2,6 g"},{"key":"Salz","value":"0,08 g"}],"tags":[]},
    {"url":"https://www.interspar.at/shop/lebensmittel/p/2020001693597","data":[{"key":"price","value":"1,49 €"},{"key":"oldPrice","value":"\n\t\t\t\t\t\n\t\t\t\t\t \n\t\t\t\t"},{"key":"pricePerUnit","value":"(5.96 €/kg)"},{"key":"productDetailsName","value":"Danone Oikos Greek - Joghurt nach griechischer Art Erdbeere 2 x 125g - 250 G"},{"key":"detailsDescription","value":"250 G"},{"key":"articleNumber","value":"Artikelnummer: 2020001693597"},{"key":"Lagerhinweis:","value":["Bei maximal +8 °C lagern."]},{"key":"Zutaten:","value":["Zutaten: RAHMJOGHURT, 13% Erdbeeren, Zucker, modifizierte Stärke, färbendes Konzentrat (Rote Bete), Verdickungsmittel: Johannisbrotkernmehl. Enthält MILCH. In Großbuchstaben angegebene Zutaten enthalten allergene Inhaltstoffe."]},{"key":"Allergene:","value":["Enthält:Milch und daraus gewonnene Erzeugnisse (inkl. Laktose)"]},{"key":"Identitätskennzeichen:","value":["DE BY-601 EG"]},{"key":"Kontakt:","value":["Danone GmbH","Technologiestraße 10, 1120 Wien, Österreich","+43 (0)1 / 211 57-207"]}],"nutritions":[{"key":"","value":"Unzubereitet"},{"key":" ","value":"100 g"},{"key":"Energie","value":"574 kJ | 138 kcal"},{"key":"Fett","value":"7,9 g"},{"key":"Fett, davon gesättigte Fettsäuren","value":"5 g"},{"key":"Kohlenhydrate","value":"13,8 g"},{"key":"Kohlenhydrate, davon Zucker","value":"12,9 g"},{"key":"Eiweiß","value":"2,7 g"},{"key":"Salz","value":"0,1 g"}],"tags":[]},
    {"url":"https://www.interspar.at/shop/lebensmittel/p/2020001862405","data":[{"key":"price","value":"1,49 €"},{"key":"oldPrice","value":"\n\t\t\t\t\t\n\t\t\t\t\t \n\t\t\t\t"},{"key":"pricePerUnit","value":"(5.96 €/kg)"},{"key":"productDetailsName","value":"Danone Oikos Greek - Joghurt nach griechischer Art Heidelbeere 2 x 125g - 250 G"},{"key":"detailsDescription","value":"250 G"},{"key":"articleNumber","value":"Artikelnummer: 2020001862405"},{"key":"Lagerhinweis:","value":["Bei maximal +8 °C lagern."]},{"key":"Zutaten:","value":["Zutaten: RAHMJOGHURT, Zucker, 8% Heidelbeeren, modifizierte Stärke, Pflanzensaftkonzentrate (Hibiskus, Schwarze Karotte), Säureregulator: Natriumcitrat, Citronensäure; natürliches Aroma, Verdickungsmittel: Johannisbrotkernmehl. In Großbuchstaben angegebene Zutaten enthalten allergene Inhaltsstoffe."]},{"key":"Allergene:","value":["Enthält:Milch und daraus gewonnene Erzeugnisse (inkl. Laktose)"]},{"key":"Identitätskennzeichen:","value":["DE BY-119 EG"]},{"key":"Kontakt:","value":["Danone GmbH","Technologiestraße 10, 1120 Wien, Österreich","+43 (0)1 / 211 57-207"]}],"nutritions":[{"key":"","value":"Unzubereitet"},{"key":" ","value":"100 g"},{"key":"Energie","value":"608 kJ | 146 kcal"},{"key":"Fett","value":"8,5 g"},{"key":"Fett, davon gesättigte Fettsäuren","value":"5,5 g"},{"key":"Kohlenhydrate","value":"14,1 g"},{"key":"Kohlenhydrate, davon Zucker","value":"13,7 g"},{"key":"Eiweiß","value":"2,8 g"},{"key":"Salz","value":"0,15 g"}],"tags":["Glutenfrei"]},
    {"url":"https://www.interspar.at/shop/lebensmittel/p/2799322","data":[{"key":"price","value":"0,65 €"},{"key":"oldPrice","value":"\n\t\t\t\t\t\n\t\t\t\t\t \n\t\t\t\t"},{"key":"pricePerUnit","value":"(4.33 €/kg)"},{"key":"productDetailsName","value":"Zott - Sahne-Joghurt Mango Panna Cotta - 150 G"},{"key":"detailsDescription","value":"150 G"},{"key":"articleNumber","value":"Artikelnummer: 2799322"},{"key":"Lagerhinweis:","value":["Bei max. +8°C lagern."]},{"key":"Zutaten:","value":["Zutaten: SAHNEJOGHURT mild, 8% Mangos und Mangosaft aus Mangosaftkonzentrat, Zucker, 4% Panna Cotta (SAHNE, Zucker, gemahlene extrahierte Vanilleschoten, Aroma), Glukose-Fruktose-Sirup, Farbstoff: Carotin, Aroma. In Großbuchstaben angegebene Zutaten enthalten allergene Inhaltsstoffe."]},{"key":"Allergene:","value":["Enthält:Milch und daraus gewonnene Erzeugnisse (inkl. Laktose)"]},{"key":"Identitätskennzeichen:","value":["DE BY 77721 EG"]},{"key":"Kontakt:","value":["Zott SE & Co. KG","Dr.-Steichele-Straße 2-4, 86690 Mertingen, Deutschland"]}],"nutritions":[{"key":"","value":"Unzubereitet"},{"key":" ","value":"100 g"},{"key":"Energie","value":"634 kJ | 152 kcal"},{"key":"Fett","value":"8,7 g"},{"key":"Fett, davon gesättigte Fettsäuren","value":"5,9 g"},{"key":"Kohlenhydrate","value":"15,1 g"},{"key":"Kohlenhydrate, davon Zucker","value":"14,2 g"},{"key":"Eiweiß","value":"2,4 g"},{"key":"Salz","value":"0,13 g"}],"tags":[]},
    {"url":"https://www.interspar.at/shop/lebensmittel/p/4651628","data":[{"key":"price","value":"0,79 €"},{"key":"oldPrice","value":"\n\t\t\t\t\t\n\t\t\t\t\t \n\t\t\t\t"},{"key":"pricePerUnit","value":"(6.58 €/kg)"},{"key":"productDetailsName","value":"Nestlé mix-in - Joghurt + Smarties Natur - 120 G"},{"key":"detailsDescription","value":"120 G"},{"key":"articleNumber","value":"Artikelnummer: 4651628"},{"key":"Lagerhinweis:","value":["Kühl bei maximal +8°C aufbewahren."]},{"key":"Zutaten:","value":["ZUTATEN: JOGHURT, Schokolinsen mit Zuckerüberzug [Zucker, Kakaomasse, MOLKENERZEUGNIS, BUTTERREINFETT, Kakaobutter, MAGERMILCHPULVER, WEIZENMEHL, Stärke, Emulgator: Lecithine, färbende Frucht und Pflanzenkonzentrate (Färberdistel, Rettich, Karotte, Zitrone, Hibiskus, Rot-kohl), Spirulinakonzentrat, Überzugsmittel: Carnaubawachs, Bienenwachs; Invertzuckersirup], Zucker, Aroma. In Großbuchstaben angegebene Zutaten enthalten allergene Inhaltsstoffe."]},{"key":"Allergene:","value":["Kann Spuren enthalten von:Erdnüsse und daraus gewonnene Erzeugnisse, Schalenfrüchte und daraus gewonnene Erzeugnisse","Enthält:Glutenhaltiges Getreide und daraus hergestellte Erzeugnisse, Milch und daraus gewonnene Erzeugnisse (inkl. Laktose)"]},{"key":"Identitätskennzeichen:","value":["DE BY 602 EG"]},{"key":"Kontakt:","value":["Lactalis Nestlé Frischeprodukte Österreich GmbH","Grabenweg 58/ Top 1, 6020 Innsbruck, Österreich"]}],"nutritions":[{"key":"","value":"Unzubereitet"},{"key":" ","value":"100 g"},{"key":"Energie","value":"718 kJ | 171 kcal"},{"key":"Fett","value":"7,4 g"},{"key":"Fett, davon gesättigte Fettsäuren","value":"4,6 g"},{"key":"Kohlenhydrate","value":"21,9 g"},{"key":"Kohlenhydrate, davon Zucker","value":"21,4 g"},{"key":"Eiweiß","value":"4,3 g"},{"key":"Salz","value":"0,13 g"}],"tags":[]},
    {"url":"https://www.interspar.at/shop/lebensmittel/p/4772217","data":[{"key":"price","value":"0,65 €"},{"key":"oldPrice","value":"\n\t\t\t\t\t\n\t\t\t\t\t \n\t\t\t\t"},{"key":"pricePerUnit","value":"(4.33 €/kg)"},{"key":"productDetailsName","value":"Zott - Sahne-Joghurt Erdbeer - 150 G"},{"key":"detailsDescription","value":"150 G"},{"key":"articleNumber","value":"Artikelnummer: 4772217"},{"key":"Lagerhinweis:","value":["Bei max. +8°C lagern."]},{"key":"Zutaten:","value":["Zutaten: SAHNEJOGHURT mild, 8% Erdbeeren und Erdbeersaft aus Erdbeersaftkonzentrat, Zucker, Glukose-Fruktose-Sirup, färbendes Rote Beetesaftkonzentrat, Aroma. In Großbuchstaben angegebene Zutaten enthalten allergene Inhaltsstoffe."]},{"key":"Allergene:","value":["Enthält:Milch und daraus gewonnene Erzeugnisse (inkl. Laktose)"]},{"key":"Identitätskennzeichen:","value":["DE BY 77721 EG"]},{"key":"Kontakt:","value":["Zott SE & Co. KG","Dr.-Steichele-Straße 2-4, 86690 Mertingen, Deutschland"]}],"nutritions":[{"key":"","value":"Unzubereitet"},{"key":" ","value":"100 g"},{"key":"Energie","value":"591 kJ | 141 kcal"},{"key":"Fett","value":"7,9 g"},{"key":"Fett, davon gesättigte Fettsäuren","value":"5,3 g"},{"key":"Kohlenhydrate","value":"14,3 g"},{"key":"Kohlenhydrate, davon Zucker","value":"13,6 g"},{"key":"Eiweiß","value":"2,4 g"},{"key":"Salz","value":"0,13 g"}],"tags":[]},
    {"url":"https://www.interspar.at/shop/lebensmittel/p/4772255","data":[{"key":"price","value":"0,65 €"},{"key":"oldPrice","value":"\n\t\t\t\t\t\n\t\t\t\t\t \n\t\t\t\t"},{"key":"pricePerUnit","value":"(4.33 €/kg)"},{"key":"productDetailsName","value":"Zott - Sahne-Joghurt Pfirsich-Maracuja - 150 G"},{"key":"detailsDescription","value":"150 G"},{"key":"articleNumber","value":"Artikelnummer: 4772255"},{"key":"Lagerhinweis:","value":["Bei max. +8°C lagern."]},{"key":"Zutaten:","value":["Zutaten: SAHNEJOGHURT mild, 8% Früchte (Pfirsiche, Pfirsichsaft aus Pfirsichsaftkonzentrat, Maracujasaft aus Maracujasaftkonzentrat), Zucker, Glukose-Fruktose-Sirup, Aroma. In Großbuchstaben angegebene Zutaten enthalten allergene Inhaltsstoffe."]},{"key":"Allergene:","value":["Enthält:Milch und daraus gewonnene Erzeugnisse (inkl. Laktose)"]},{"key":"Identitätskennzeichen:","value":["DE BY 77721 EG"]},{"key":"Kontakt:","value":["Zott SE & Co. KG","Dr.-Steichele-Straße 2-4, 86690 Mertingen, Deutschland"]}],"nutritions":[{"key":"","value":"Unzubereitet"},{"key":" ","value":"100 g"},{"key":"Energie","value":"591 kJ | 141 kcal"},{"key":"Fett","value":"7,9 g"},{"key":"Fett, davon gesättigte Fettsäuren","value":"5,3 g"},{"key":"Kohlenhydrate","value":"14,3 g"},{"key":"Kohlenhydrate, davon Zucker","value":"13,6 g"},{"key":"Eiweiß","value":"2,4 g"},{"key":"Salz","value":"0,13 g"}],"tags":[]},
    {"url":"https://www.interspar.at/shop/lebensmittel/p/4772286","data":[{"key":"price","value":"0,65 €"},{"key":"oldPrice","value":"\n\t\t\t\t\t\n\t\t\t\t\t \n\t\t\t\t"},{"key":"pricePerUnit","value":"(4.33 €/kg)"},{"key":"productDetailsName","value":"Zott - Sahne-Joghurt Himbeer - 150 G"},{"key":"detailsDescription","value":"150 G"},{"key":"articleNumber","value":"Artikelnummer: 4772286"},{"key":"Lagerhinweis:","value":["Bei max. 8°C lagern."]},{"key":"Zutaten:","value":["Zutaten: SAHNEJOGHURT mild, Himbeeren und Himbeersaft aus Himbeersaftkonzentrat, Zucker, Glukose-Fruktose-Sirup, Rote Beetesaftkonzentrat, Aroma. In Großbuchstaben angegebene Zutaten enthalten allergene Inhaltsstoffe."]},{"key":"Allergene:","value":["Enthält:Milch und daraus gewonnene Erzeugnisse (inkl. Laktose)"]},{"key":"Identitätskennzeichen:","value":["DE BY 721"]},{"key":"Kontakt:","value":["Zott SE & Co. KG","Dr.-Steichele-Straße 2-4, 86690 Mertingen, Deutschland"]}],"nutritions":[{"key":"","value":"Unzubereitet"},{"key":" ","value":"100 g"},{"key":"Energie","value":"591 kJ | 141 kcal"},{"key":"Fett","value":"7,9 g"},{"key":"Fett, davon gesättigte Fettsäuren","value":"5,3 g"},{"key":"Kohlenhydrate","value":"14,3 g"},{"key":"Kohlenhydrate, davon Zucker","value":"13,6 g"},{"key":"Eiweiß","value":"2,4 g"},{"key":"Salz","value":"0,13 g"}],"tags":[]},
    {"url":"https://www.interspar.at/shop/lebensmittel/p/1144918","data":[{"key":"price","value":"0,65 €"},{"key":"oldPrice","value":"\n\t\t\t\t\t\n\t\t\t\t\t \n\t\t\t\t"},{"key":"pricePerUnit","value":"(4.33 €/kg)"},{"key":"productDetailsName","value":"Zott - Sahne-Joghurt Heidelbeer Panna Cotta - 150 G"},{"key":"detailsDescription","value":"150 G"},{"key":"articleNumber","value":"Artikelnummer: 1144918"},{"key":"Lagerhinweis:","value":["Bei max. +8°C lagern."]},{"key":"Zutaten:","value":["Zutaten: SAHNEJOGHURT mild, Glukose-Fruktose-Sirup, Heidelbeeren und Heidelbeerpüree aus Konzentrat, Zucker, Panna Cotta (SAHNE, Zucker, gemahlene Vanilleschoten, Aroma), färbendes Rote Beetesaftkonzentrat, Aroma. In Großbuchstaben angegebene Zutaten enthalten allergene Inhaltsstoffe."]},{"key":"Allergene:","value":["Enthält:Milch und daraus gewonnene Erzeugnisse (inkl. Laktose)"]},{"key":"Identitätskennzeichen:","value":["DE BY 77721 EG"]},{"key":"Kontakt:","value":["Zott SE & Co. KG","Dr.-Steichele-Straße 2-4, 86690 Mertingen, Deutschland"]}],"nutritions":[{"key":"","value":"Unzubereitet"},{"key":" ","value":"100 g"},{"key":"Energie","value":"634 kJ | 152 kcal"},{"key":"Fett","value":"8,7 g"},{"key":"Fett, davon gesättigte Fettsäuren","value":"5,9 g"},{"key":"Kohlenhydrate","value":"15,1 g"},{"key":"Kohlenhydrate, davon Zucker","value":"14,2 g"},{"key":"Eiweiß","value":"2,4 g"},{"key":"Salz","value":"0,13 g"}],"tags":[]},
    {"url":"https://www.interspar.at/shop/lebensmittel/p/2020000953333","data":[{"key":"price","value":"0,79 €"},{"key":"oldPrice","value":"\n\t\t\t\t\t\n\t\t\t\t\t \n\t\t\t\t"},{"key":"pricePerUnit","value":"(6.58 €/kg)"},{"key":"productDetailsName","value":"Nestlé mix-in - Smarties & Erdbeerjoghurt - 120 G"},{"key":"detailsDescription","value":"120 G"},{"key":"articleNumber","value":"Artikelnummer: 2020000953333"},{"key":"Lagerhinweis:","value":["Bei max. +8°C lagern."]},{"key":"Zutaten:","value":["Zutaten: Gesüsstes Joghurt mit Erdbeergeschmack (87,5%) (VOLLMILCH, Zucker, Erdbeerpürree aus Konzentrat (4,6%), MAGERMILCHPULVER, SAHNE, Milchsäurekulturen, Fruktose, Reisstärke, MINERALSTOFFKONZENTRAT aus MILCH, Aroma, Rote Bete Saftkonzentrat, Vitamin D), Schokolinsen mit Zuckerüberzug (12,5%) (Zucker, Kakaobutter, MAGERMILCHPULVER, Kakaomasse, MOLKENERZEUGNISE, WEIZENMEHL, BUTTERREINFETT, Reisstärke, Emulgator (Lecithine), Frucht- und Gemüsekonzentrate (Färberdistel, Rettich, schwarze Karotte, Zitrone, Hibiskus), Spirulinakonzentrat, Überzugsmittel (Bienenwachs weiß,  Carnaubawachs), natürliches Vanillearoma. Invertzuckersirup). Kann ERDNÜSSE, EIER, SOJABOHNEN, SESAM und NÜSSE (SCHALTENFRÜCHTE) enthalten. In Großbuchstaben angegebene Zutaten enthalten allergene Inhaltstoffe."]},{"key":"Allergene:","value":["Kann ERDNÜSSE, EIER, SOJABOHNEN, SESAM und NÜSSE (SCHALTENFRÜCHTE) enthalten.","Kann Spuren enthalten von:Eier und daraus gewonnene Erzeugnisse, Erdnüsse und daraus gewonnene Erzeugnisse, Schalenfrüchte und daraus gewonnene Erzeugnisse, Sesamsamen und daraus gewonnene Erzeugnisse, Sojabohnen und daraus gewonnene Erzeugnisse","Enthält:Glutenhaltiges Getreide und daraus hergestellte Erzeugnisse, Milch und daraus gewonnene Erzeugnisse (inkl. Laktose)"]},{"key":"Identitätskennzeichen:","value":["FR 42.005.001 CE"]},{"key":"Kontakt:","value":["Lactalis Nestlé Frischeprodukte GmbH","Grabenweg 58, 6020 Innsbruck, Österreich"]}],"nutritions":[{"key":"","value":"Unzubereitet"},{"key":" ","value":"100 g"},{"key":"Energie","value":"618 kJ | 147 kcal"},{"key":"Fett","value":"5,4 g"},{"key":"Fett, davon gesättigte Fettsäuren","value":"3,3 g"},{"key":"Kohlenhydrate","value":"19,9 g"},{"key":"Kohlenhydrate, davon Zucker","value":"18,8 g"},{"key":"Eiweiß","value":"4,1 g"},{"key":"Salz","value":"0,15 g"},{"key":"Vitamin D","value":"0,6 µg | 13 %"}],"tags":[]},
    {"url":"https://www.interspar.at/shop/lebensmittel/p/2020001663897","data":[{"key":"price","value":"0,65 €"},{"key":"oldPrice","value":"\n\t\t\t\t\t\n\t\t\t\t\t \n\t\t\t\t"},{"key":"pricePerUnit","value":"(4.64 €/kg)"},{"key":"productDetailsName","value":"Zott - Sahne Joghurt mild Erdbeersplit - 140 G"},{"key":"detailsDescription","value":"140 G"},{"key":"articleNumber","value":"Artikelnummer: 2020001663897"},{"key":"Lagerhinweis:","value":["Bei max. +8°C lagern."]},{"key":"Zutaten:","value":["Zutaten: SAHNEJOGHURT mild, Zucker, 6% Erdbeeren und Erdbeerpüree aus Konzentrat, Glukose-Fruktose-Sirup, 1,8% weiße Schokoladensplits, färbendes Rote Beetesaftkonzentrat, Aroma. In Großbuchstaben angegebene Zutaten enthalten allergene Inhaltsstoffe."]},{"key":"Allergene:","value":["Enthält:Milch und daraus gewonnene Erzeugnisse (inkl. Laktose)"]},{"key":"Identitätskennzeichen:","value":["DE BY 77721 EG"]},{"key":"Kontakt:","value":["Zott SE & Co. KG","Dr.-Steichele-Str. 2-4, 86690 Mertingen, Deutschland"]}],"nutritions":[{"key":"","value":"Unzubereitet"},{"key":" ","value":"100 g"},{"key":"Energie","value":"640 kJ | 153 kcal"},{"key":"Fett","value":"9,4 g"},{"key":"Fett, davon gesättigte Fettsäuren","value":"6,3 g"},{"key":"Kohlenhydrate","value":"13,8 g"},{"key":"Kohlenhydrate, davon Zucker","value":"13,1 g"},{"key":"Eiweiß","value":"2,5 g"},{"key":"Salz","value":"0,13 g"}],"tags":[]},
    {"url":"https://www.interspar.at/shop/lebensmittel/p/2020001663910","data":[{"key":"price","value":"0,65 €"},{"key":"oldPrice","value":"\n\t\t\t\t\t\n\t\t\t\t\t \n\t\t\t\t"},{"key":"pricePerUnit","value":"(4.64 €/kg)"},{"key":"productDetailsName","value":"Zott - Sahne Joghurt mild Bananensplit - 140 G"},{"key":"detailsDescription","value":"140 G"},{"key":"articleNumber","value":"Artikelnummer: 2020001663910"},{"key":"Lagerhinweis:","value":["Bei max. +8°C lagern."]},{"key":"Zutaten:","value":["Zutaten: SAHNEJOGHURT mild, Zucker, 6% Bananenpüree aus Konzentrat, Glukose-Fruktose-Sirup, 1,8% Schokoladensplits, färbendes Karottenkonzentrat, Aroma. In Großbuchstaben angegebene Zutaten enthalten allergene Inhaltsstoffe."]},{"key":"Allergene:","value":["Enthält:Milch und daraus gewonnene Erzeugnisse (inkl. Laktose)"]},{"key":"Identitätskennzeichen:","value":["DE BY 77721 EG"]},{"key":"Kontakt:","value":["Zott SE & Co. KG","Dr.-Steichele-Str. 2-4, 86690 Mertingen, Deutschland"]}],"nutritions":[{"key":"","value":"Unzubereitet"},{"key":" ","value":"100 g"},{"key":"Energie","value":"636 kJ | 152 kcal"},{"key":"Fett","value":"9,2 g"},{"key":"Fett, davon gesättigte Fettsäuren","value":"6,2 g"},{"key":"Kohlenhydrate","value":"13,8 g"},{"key":"Kohlenhydrate, davon Zucker","value":"13,1 g"},{"key":"Eiweiß","value":"2,6 g"},{"key":"Salz","value":"0,08 g"}],"tags":[]},
    {"url":"https://www.interspar.at/shop/lebensmittel/p/2020001663934","data":[{"key":"price","value":"0,65 €"},{"key":"oldPrice","value":"\n\t\t\t\t\t\n\t\t\t\t\t \n\t\t\t\t"},{"key":"pricePerUnit","value":"(4.64 €/kg)"},{"key":"productDetailsName","value":"Zott - Sahne Joghurt mild Kirschsplit - 140 G"},{"key":"detailsDescription","value":"140 G"},{"key":"articleNumber","value":"Artikelnummer: 2020001663934"},{"key":"Lagerhinweis:","value":["Bei max. +8°C lagern."]},{"key":"Zutaten:","value":["Zutaten: SAHNEJOGHURT mild, Zucker, 6% Kirschen und Kirschsaft aus Kirschsaftkonzentrat, Glukose-Fruktose-Sirup, 1,8% Schokoladensplits, färbende Pflanzenkonzentrate aus Rote Beetesaft und Trauben, Aroma. In Großbuchstaben angegebene Zutaten enthalten allergene Inhaltsstoffe."]},{"key":"Allergene:","value":["Enthält:Milch und daraus gewonnene Erzeugnisse (inkl. Laktose)"]},{"key":"Identitätskennzeichen:","value":["DE BY 77721 EG"]},{"key":"Kontakt:","value":["Zott SE & Co. KG","Dr.-Steichele-Str. 2-4, 86690 Mertingen, Deutschland"]}],"nutritions":[{"key":"","value":"Unzubereitet"},{"key":" ","value":"100 g"},{"key":"Energie","value":"636 kJ | 152 kcal"},{"key":"Fett","value":"9,2 g"},{"key":"Fett, davon gesättigte Fettsäuren","value":"6,2 g"},{"key":"Kohlenhydrate","value":"13,8 g"},{"key":"Kohlenhydrate, davon Zucker","value":"13,1 g"},{"key":"Eiweiß","value":"2,6 g"},{"key":"Salz","value":"0,08 g"}],"tags":[]},
    {"url":"https://www.interspar.at/shop/lebensmittel/p/2020001693597","data":[{"key":"price","value":"1,49 €"},{"key":"oldPrice","value":"\n\t\t\t\t\t\n\t\t\t\t\t \n\t\t\t\t"},{"key":"pricePerUnit","value":"(5.96 €/kg)"},{"key":"productDetailsName","value":"Danone Oikos Greek - Joghurt nach griechischer Art Erdbeere 2 x 125g - 250 G"},{"key":"detailsDescription","value":"250 G"},{"key":"articleNumber","value":"Artikelnummer: 2020001693597"},{"key":"Lagerhinweis:","value":["Bei maximal +8 °C lagern."]},{"key":"Zutaten:","value":["Zutaten: RAHMJOGHURT, 13% Erdbeeren, Zucker, modifizierte Stärke, färbendes Konzentrat (Rote Bete), Verdickungsmittel: Johannisbrotkernmehl. Enthält MILCH. In Großbuchstaben angegebene Zutaten enthalten allergene Inhaltstoffe."]},{"key":"Allergene:","value":["Enthält:Milch und daraus gewonnene Erzeugnisse (inkl. Laktose)"]},{"key":"Identitätskennzeichen:","value":["DE BY-601 EG"]},{"key":"Kontakt:","value":["Danone GmbH","Technologiestraße 10, 1120 Wien, Österreich","+43 (0)1 / 211 57-207"]}],"nutritions":[{"key":"","value":"Unzubereitet"},{"key":" ","value":"100 g"},{"key":"Energie","value":"574 kJ | 138 kcal"},{"key":"Fett","value":"7,9 g"},{"key":"Fett, davon gesättigte Fettsäuren","value":"5 g"},{"key":"Kohlenhydrate","value":"13,8 g"},{"key":"Kohlenhydrate, davon Zucker","value":"12,9 g"},{"key":"Eiweiß","value":"2,7 g"},{"key":"Salz","value":"0,1 g"}],"tags":[]},
    {"url":"https://www.interspar.at/shop/lebensmittel/p/2020001862405","data":[{"key":"price","value":"1,49 €"},{"key":"oldPrice","value":"\n\t\t\t\t\t\n\t\t\t\t\t \n\t\t\t\t"},{"key":"pricePerUnit","value":"(5.96 €/kg)"},{"key":"productDetailsName","value":"Danone Oikos Greek - Joghurt nach griechischer Art Heidelbeere 2 x 125g - 250 G"},{"key":"detailsDescription","value":"250 G"},{"key":"articleNumber","value":"Artikelnummer: 2020001862405"},{"key":"Lagerhinweis:","value":["Bei maximal +8 °C lagern."]},{"key":"Zutaten:","value":["Zutaten: RAHMJOGHURT, Zucker, 8% Heidelbeeren, modifizierte Stärke, Pflanzensaftkonzentrate (Hibiskus, Schwarze Karotte), Säureregulator: Natriumcitrat, Citronensäure; natürliches Aroma, Verdickungsmittel: Johannisbrotkernmehl. In Großbuchstaben angegebene Zutaten enthalten allergene Inhaltsstoffe."]},{"key":"Allergene:","value":["Enthält:Milch und daraus gewonnene Erzeugnisse (inkl. Laktose)"]},{"key":"Identitätskennzeichen:","value":["DE BY-119 EG"]},{"key":"Kontakt:","value":["Danone GmbH","Technologiestraße 10, 1120 Wien, Österreich","+43 (0)1 / 211 57-207"]}],"nutritions":[{"key":"","value":"Unzubereitet"},{"key":" ","value":"100 g"},{"key":"Energie","value":"608 kJ | 146 kcal"},{"key":"Fett","value":"8,5 g"},{"key":"Fett, davon gesättigte Fettsäuren","value":"5,5 g"},{"key":"Kohlenhydrate","value":"14,1 g"},{"key":"Kohlenhydrate, davon Zucker","value":"13,7 g"},{"key":"Eiweiß","value":"2,8 g"},{"key":"Salz","value":"0,15 g"}],"tags":["Glutenfrei"]},
    {"url":"https://www.interspar.at/shop/lebensmittel/p/2799322","data":[{"key":"price","value":"0,65 €"},{"key":"oldPrice","value":"\n\t\t\t\t\t\n\t\t\t\t\t \n\t\t\t\t"},{"key":"pricePerUnit","value":"(4.33 €/kg)"},{"key":"productDetailsName","value":"Zott - Sahne-Joghurt Mango Panna Cotta - 150 G"},{"key":"detailsDescription","value":"150 G"},{"key":"articleNumber","value":"Artikelnummer: 2799322"},{"key":"Lagerhinweis:","value":["Bei max. +8°C lagern."]},{"key":"Zutaten:","value":["Zutaten: SAHNEJOGHURT mild, 8% Mangos und Mangosaft aus Mangosaftkonzentrat, Zucker, 4% Panna Cotta (SAHNE, Zucker, gemahlene extrahierte Vanilleschoten, Aroma), Glukose-Fruktose-Sirup, Farbstoff: Carotin, Aroma. In Großbuchstaben angegebene Zutaten enthalten allergene Inhaltsstoffe."]},{"key":"Allergene:","value":["Enthält:Milch und daraus gewonnene Erzeugnisse (inkl. Laktose)"]},{"key":"Identitätskennzeichen:","value":["DE BY 77721 EG"]},{"key":"Kontakt:","value":["Zott SE & Co. KG","Dr.-Steichele-Straße 2-4, 86690 Mertingen, Deutschland"]}],"nutritions":[{"key":"","value":"Unzubereitet"},{"key":" ","value":"100 g"},{"key":"Energie","value":"634 kJ | 152 kcal"},{"key":"Fett","value":"8,7 g"},{"key":"Fett, davon gesättigte Fettsäuren","value":"5,9 g"},{"key":"Kohlenhydrate","value":"15,1 g"},{"key":"Kohlenhydrate, davon Zucker","value":"14,2 g"},{"key":"Eiweiß","value":"2,4 g"},{"key":"Salz","value":"0,13 g"}],"tags":[]},
    {"url":"https://www.interspar.at/shop/lebensmittel/p/4651628","data":[{"key":"price","value":"0,79 €"},{"key":"oldPrice","value":"\n\t\t\t\t\t\n\t\t\t\t\t \n\t\t\t\t"},{"key":"pricePerUnit","value":"(6.58 €/kg)"},{"key":"productDetailsName","value":"Nestlé mix-in - Joghurt + Smarties Natur - 120 G"},{"key":"detailsDescription","value":"120 G"},{"key":"articleNumber","value":"Artikelnummer: 4651628"},{"key":"Lagerhinweis:","value":["Kühl bei maximal +8°C aufbewahren."]},{"key":"Zutaten:","value":["ZUTATEN: JOGHURT, Schokolinsen mit Zuckerüberzug [Zucker, Kakaomasse, MOLKENERZEUGNIS, BUTTERREINFETT, Kakaobutter, MAGERMILCHPULVER, WEIZENMEHL, Stärke, Emulgator: Lecithine, färbende Frucht und Pflanzenkonzentrate (Färberdistel, Rettich, Karotte, Zitrone, Hibiskus, Rot-kohl), Spirulinakonzentrat, Überzugsmittel: Carnaubawachs, Bienenwachs; Invertzuckersirup], Zucker, Aroma. In Großbuchstaben angegebene Zutaten enthalten allergene Inhaltsstoffe."]},{"key":"Allergene:","value":["Kann Spuren enthalten von:Erdnüsse und daraus gewonnene Erzeugnisse, Schalenfrüchte und daraus gewonnene Erzeugnisse","Enthält:Glutenhaltiges Getreide und daraus hergestellte Erzeugnisse, Milch und daraus gewonnene Erzeugnisse (inkl. Laktose)"]},{"key":"Identitätskennzeichen:","value":["DE BY 602 EG"]},{"key":"Kontakt:","value":["Lactalis Nestlé Frischeprodukte Österreich GmbH","Grabenweg 58/ Top 1, 6020 Innsbruck, Österreich"]}],"nutritions":[{"key":"","value":"Unzubereitet"},{"key":" ","value":"100 g"},{"key":"Energie","value":"718 kJ | 171 kcal"},{"key":"Fett","value":"7,4 g"},{"key":"Fett, davon gesättigte Fettsäuren","value":"4,6 g"},{"key":"Kohlenhydrate","value":"21,9 g"},{"key":"Kohlenhydrate, davon Zucker","value":"21,4 g"},{"key":"Eiweiß","value":"4,3 g"},{"key":"Salz","value":"0,13 g"}],"tags":[]},
    {"url":"https://www.interspar.at/shop/lebensmittel/p/4772217","data":[{"key":"price","value":"0,65 €"},{"key":"oldPrice","value":"\n\t\t\t\t\t\n\t\t\t\t\t \n\t\t\t\t"},{"key":"pricePerUnit","value":"(4.33 €/kg)"},{"key":"productDetailsName","value":"Zott - Sahne-Joghurt Erdbeer - 150 G"},{"key":"detailsDescription","value":"150 G"},{"key":"articleNumber","value":"Artikelnummer: 4772217"},{"key":"Lagerhinweis:","value":["Bei max. +8°C lagern."]},{"key":"Zutaten:","value":["Zutaten: SAHNEJOGHURT mild, 8% Erdbeeren und Erdbeersaft aus Erdbeersaftkonzentrat, Zucker, Glukose-Fruktose-Sirup, färbendes Rote Beetesaftkonzentrat, Aroma. In Großbuchstaben angegebene Zutaten enthalten allergene Inhaltsstoffe."]},{"key":"Allergene:","value":["Enthält:Milch und daraus gewonnene Erzeugnisse (inkl. Laktose)"]},{"key":"Identitätskennzeichen:","value":["DE BY 77721 EG"]},{"key":"Kontakt:","value":["Zott SE & Co. KG","Dr.-Steichele-Straße 2-4, 86690 Mertingen, Deutschland"]}],"nutritions":[{"key":"","value":"Unzubereitet"},{"key":" ","value":"100 g"},{"key":"Energie","value":"591 kJ | 141 kcal"},{"key":"Fett","value":"7,9 g"},{"key":"Fett, davon gesättigte Fettsäuren","value":"5,3 g"},{"key":"Kohlenhydrate","value":"14,3 g"},{"key":"Kohlenhydrate, davon Zucker","value":"13,6 g"},{"key":"Eiweiß","value":"2,4 g"},{"key":"Salz","value":"0,13 g"}],"tags":[]},
    {"url":"https://www.interspar.at/shop/lebensmittel/p/4772255","data":[{"key":"price","value":"0,65 €"},{"key":"oldPrice","value":"\n\t\t\t\t\t\n\t\t\t\t\t \n\t\t\t\t"},{"key":"pricePerUnit","value":"(4.33 €/kg)"},{"key":"productDetailsName","value":"Zott - Sahne-Joghurt Pfirsich-Maracuja - 150 G"},{"key":"detailsDescription","value":"150 G"},{"key":"articleNumber","value":"Artikelnummer: 4772255"},{"key":"Lagerhinweis:","value":["Bei max. +8°C lagern."]},{"key":"Zutaten:","value":["Zutaten: SAHNEJOGHURT mild, 8% Früchte (Pfirsiche, Pfirsichsaft aus Pfirsichsaftkonzentrat, Maracujasaft aus Maracujasaftkonzentrat), Zucker, Glukose-Fruktose-Sirup, Aroma. In Großbuchstaben angegebene Zutaten enthalten allergene Inhaltsstoffe."]},{"key":"Allergene:","value":["Enthält:Milch und daraus gewonnene Erzeugnisse (inkl. Laktose)"]},{"key":"Identitätskennzeichen:","value":["DE BY 77721 EG"]},{"key":"Kontakt:","value":["Zott SE & Co. KG","Dr.-Steichele-Straße 2-4, 86690 Mertingen, Deutschland"]}],"nutritions":[{"key":"","value":"Unzubereitet"},{"key":" ","value":"100 g"},{"key":"Energie","value":"591 kJ | 141 kcal"},{"key":"Fett","value":"7,9 g"},{"key":"Fett, davon gesättigte Fettsäuren","value":"5,3 g"},{"key":"Kohlenhydrate","value":"14,3 g"},{"key":"Kohlenhydrate, davon Zucker","value":"13,6 g"},{"key":"Eiweiß","value":"2,4 g"},{"key":"Salz","value":"0,13 g"}],"tags":[]},
    {"url":"https://www.interspar.at/shop/lebensmittel/p/4772286","data":[{"key":"price","value":"0,65 €"},{"key":"oldPrice","value":"\n\t\t\t\t\t\n\t\t\t\t\t \n\t\t\t\t"},{"key":"pricePerUnit","value":"(4.33 €/kg)"},{"key":"productDetailsName","value":"Zott - Sahne-Joghurt Himbeer - 150 G"},{"key":"detailsDescription","value":"150 G"},{"key":"articleNumber","value":"Artikelnummer: 4772286"},{"key":"Lagerhinweis:","value":["Bei max. 8°C lagern."]},{"key":"Zutaten:","value":["Zutaten: SAHNEJOGHURT mild, Himbeeren und Himbeersaft aus Himbeersaftkonzentrat, Zucker, Glukose-Fruktose-Sirup, Rote Beetesaftkonzentrat, Aroma. In Großbuchstaben angegebene Zutaten enthalten allergene Inhaltsstoffe."]},{"key":"Allergene:","value":["Enthält:Milch und daraus gewonnene Erzeugnisse (inkl. Laktose)"]},{"key":"Identitätskennzeichen:","value":["DE BY 721"]},{"key":"Kontakt:","value":["Zott SE & Co. KG","Dr.-Steichele-Straße 2-4, 86690 Mertingen, Deutschland"]}],"nutritions":[{"key":"","value":"Unzubereitet"},{"key":" ","value":"100 g"},{"key":"Energie","value":"591 kJ | 141 kcal"},{"key":"Fett","value":"7,9 g"},{"key":"Fett, davon gesättigte Fettsäuren","value":"5,3 g"},{"key":"Kohlenhydrate","value":"14,3 g"},{"key":"Kohlenhydrate, davon Zucker","value":"13,6 g"},{"key":"Eiweiß","value":"2,4 g"},{"key":"Salz","value":"0,13 g"}],"tags":[]},
    {"url":"https://www.interspar.at/shop/lebensmittel/p/5044610","data":[{"key":"price","value":"0,65 €"},{"key":"oldPrice","value":"\n\t\t\t\t\t\n\t\t\t\t\t \n\t\t\t\t"},{"key":"pricePerUnit","value":"(4.33 €/kg)"},{"key":"productDetailsName","value":"Zott - Sahne-Joghurt Mascarpone Erdbeere - 150 G"},{"key":"detailsDescription","value":"150 G"},{"key":"articleNumber","value":"Artikelnummer: 5044610"},{"key":"Lagerhinweis:","value":["Bei max. 8°C lagern."]},{"key":"Zutaten:","value":["Zutaten: SAHNEJOGHURT mild, Erdbeeren und Erdbeersaft aus Erdbeersaftkonzentrat, Glukose-Fruktose-Sirup, Zucker, MASCARPONE, Farbstoff: Echtes Karmin, gemahlene Vanilleschoten, natürliches Vanille-Aroma, Aroma. In Großbuchstaben angegebene Zutaten enthalten allergene Inhaltsstoffe."]},{"key":"Allergene:","value":["Enthält:Milch und daraus gewonnene Erzeugnisse (inkl. Laktose)"]},{"key":"Kontakt:","value":["Zott SE & Co. KG","Dr.-Steichele-Str. 2-4, 86690 Mertingen, Deutschland"]}],"nutritions":[{"key":"","value":"Unzubereitet"},{"key":" ","value":"100 g"},{"key":"Energie","value":"610 kJ | 146 kcal"},{"key":"Fett","value":"8,3 g"},{"key":"Fett, davon gesättigte Fettsäuren","value":"5,6 g"},{"key":"Kohlenhydrate","value":"14,6 g"},{"key":"Kohlenhydrate, davon Zucker","value":"13,4 g"},{"key":"Eiweiß","value":"2,3 g"},{"key":"Salz","value":"0,13 g"}],"tags":[]},
    {"url":"https://www.interspar.at/shop/lebensmittel/p/5044870","data":[{"key":"price","value":"0,65 €"},{"key":"oldPrice","value":"\n\t\t\t\t\t\n\t\t\t\t\t \n\t\t\t\t"},{"key":"pricePerUnit","value":"(4.64 €/kg)"},{"key":"productDetailsName","value":"Zott - Sahne-Joghurt Mascarpone Amarena - 140 G"},{"key":"detailsDescription","value":"140 G"},{"key":"articleNumber","value":"Artikelnummer: 5044870"},{"key":"Lagerhinweis:","value":["Bei max. 8°C lagern."]},{"key":"Zutaten:","value":["Zutaten: SAHNEJOGHURT mild, Kirschen und Kirschsaft aus Kirschsaftkonzentrat, Glukose-Fruktose-Sirup, Zucker, MASCARPONE, färbendes Rote Beetesaftkonzentrat, Farbstoff: Anthocyane; Aroma. In Großbuchstaben angegebene Zutaten enthalten allergene Inhaltsstoffe."]},{"key":"Allergene:","value":["Enthält:Milch und daraus gewonnene Erzeugnisse (inkl. Laktose)"]},{"key":"Kontakt:","value":["Zott SE & Co. KG","Dr.-Steichele-Str. 2-4, 86690 Mertingen, Deutschland"]}],"nutritions":[{"key":"","value":"Unzubereitet"},{"key":" ","value":"100 g"},{"key":"Energie","value":"610 kJ | 146 kcal"},{"key":"Fett","value":"8,3 g"},{"key":"Fett, davon gesättigte Fettsäuren","value":"5,6 g"},{"key":"Kohlenhydrate","value":"14,6 g"},{"key":"Kohlenhydrate, davon Zucker","value":"13,4 g"},{"key":"Eiweiß","value":"2,3 g"},{"key":"Salz","value":"0,13 g"}],"tags":[]},
    {"url":"https://www.interspar.at/shop/lebensmittel/p/5044986","data":[{"key":"price","value":"0,65 €"},{"key":"oldPrice","value":"\n\t\t\t\t\t\n\t\t\t\t\t \n\t\t\t\t"},{"key":"pricePerUnit","value":"(4.33 €/kg)"},{"key":"productDetailsName","value":"Zott - Sahne-Joghurt Heidelbeer-Cassis - 150 G"},{"key":"detailsDescription","value":"150 G"},{"key":"articleNumber","value":"Artikelnummer: 5044986"},{"key":"Lagerhinweis:","value":["Bei max. +8°C lagern."]},{"key":"Zutaten:","value":["Zutaten: SAHNEJOGHURT mild, 8% Früchte (Heidelbeeren, Schwarze Johannisbeersaft aus Johannisbeersaftkonzentrat), Glukose-Fruktose-Sirup, Zucker, 3% Mascarpone (FRISCHKÄSE-Doppelrahmstufe), Aroma. In Großbuchstaben angegebene Zutaten enthalten allergene Inhaltsstoffe."]},{"key":"Allergene:","value":["Enthält:Milch und daraus gewonnene Erzeugnisse (inkl. Laktose)"]},{"key":"Identitätskennzeichen:","value":["DE BY77721 EG"]},{"key":"Kontakt:","value":["Zott SE & Co. KG","Dr.-Steichele-Straße 2-4, 86690 Mertingen, Deutschland"]}],"nutritions":[{"key":"","value":"Unzubereitet"},{"key":" ","value":"100 g"},{"key":"Energie","value":"610 kJ | 146 kcal"},{"key":"Fett","value":"8,3 g"},{"key":"Fett, davon gesättigte Fettsäuren","value":"5,6 g"},{"key":"Kohlenhydrate","value":"14,6 g"},{"key":"Kohlenhydrate, davon Zucker","value":"13,4 g"},{"key":"Eiweiß","value":"2,3 g"},{"key":"Salz","value":"0,13 g"}],"tags":[]},
    {"url":"https://www.interspar.at/shop/lebensmittel/p/5550104","data":[{"key":"price","value":"0,65 €"},{"key":"oldPrice","value":"\n\t\t\t\t\t\n\t\t\t\t\t \n\t\t\t\t"},{"key":"pricePerUnit","value":"(4.33 €/kg)"},{"key":"productDetailsName","value":"Zott - Sahne-Joghurt Amarena-Kirsch - 150 G"},{"key":"detailsDescription","value":"150 G"},{"key":"articleNumber","value":"Artikelnummer: 5550104"},{"key":"Lagerhinweis:","value":["Bei max. +8°C lagern."]},{"key":"Zutaten:","value":["Zutaten: SAHNEJOGHURT mild, 8% Kirschen und Kirschsaft aus Kirschsaftkonzentrat, Zucker, Glukose-Fruktose-Sirup, färbendes Rote Beetesaftkonzentrat, Aroma. In Großbuchstaben angegebene Zutaten enthalten allergene Inhaltsstoffe."]},{"key":"Allergene:","value":["Enthält:Milch und daraus gewonnene Erzeugnisse (inkl. Laktose)"]},{"key":"Identitätskennzeichen:","value":["DE BY 77721 EG"]},{"key":"Kontakt:","value":["Zott SE & Co. KG","Dr.-Steichele-Straße 2-4, 86690 Mertingen, Deutschland"]}],"nutritions":[{"key":"","value":"Unzubereitet"},{"key":" ","value":"100 g"},{"key":"Energie","value":"591 kJ | 141 kcal"},{"key":"Fett","value":"7,9 g"},{"key":"Fett, davon gesättigte Fettsäuren","value":"5,3 g"},{"key":"Kohlenhydrate","value":"14,3 g"},{"key":"Kohlenhydrate, davon Zucker","value":"13,6 g"},{"key":"Eiweiß","value":"2,4 g"},{"key":"Salz","value":"0,13 g"}],"tags":[]},
    {"url":"https://www.interspar.at/shop/lebensmittel/p/6097998","data":[{"key":"price","value":"0,79 €"},{"key":"oldPrice","value":"\n\t\t\t\t\t\n\t\t\t\t\t \n\t\t\t\t"},{"key":"pricePerUnit","value":"(6.58 €/kg)"},{"key":"productDetailsName","value":"Nestlé - Joghurt + Smarties Vanille - 120 G"},{"key":"detailsDescription","value":"120 G"},{"key":"articleNumber","value":"Artikelnummer: 6097998"},{"key":"Lagerhinweis:","value":["Kühl bei maximal +8°C aufbewahren."]},{"key":"Zutaten:","value":["Zutaten: JOGHURT, Schokolinsen mit Zuckerüberzug [Zucker, Kakaomasse, MOLKENERZEUGNIS, BUTTEREINFETT, Kakaobutter, MAGERMILCHPULVER, WEIZENMEHL, Stärke, Emulgator: Lecithine, färbende Frucht- und Pflanzenkonzentrate (Färbedistel, Rettich, Karotte, Zitrone, Hibiskus, Rotkohl), Spirulinakonzentrat, Überzugsmittel: Carnaubawachs, Bienenwachs; Invertzuckersirup], Wasser, Zucker, Glukose-Fruktose-Sirup, 0.1% natürliches Vanille-Aroma, Farbstoff: Carotine. In Großbuchstaben angegebene Zutaten enthalten allergene Inhaltsstoffe."]},{"key":"Allergene:","value":["Kann Spuren enthalten von:Erdnüsse und daraus gewonnene Erzeugnisse, Schalenfrüchte und daraus gewonnene Erzeugnisse","Enthält:Glutenhaltiges Getreide und daraus hergestellte Erzeugnisse, Milch und daraus gewonnene Erzeugnisse (inkl. Laktose)"]},{"key":"Identitätskennzeichen:","value":["DE BY 602 EG"]},{"key":"Kontakt:","value":["Lactalis Nestlé Frischeprodukte Österreich GmbH","Grabenweg 58/ Top 1, 6020 Innsbruck, Österreich"]}],"nutritions":[{"key":"","value":"Unzubereitet"},{"key":" ","value":"100 g"},{"key":"Energie","value":"702 kJ | 167 kcal"},{"key":"Fett","value":"6,4 g"},{"key":"Fett, davon gesättigte Fettsäuren","value":"4 g"},{"key":"Kohlenhydrate","value":"23,5 g"},{"key":"Kohlenhydrate, davon Zucker","value":"22,3 g"},{"key":"Eiweiß","value":"3,4 g"},{"key":"Salz","value":"0,14 g"}],"tags":[]},
    {"url":"https://www.interspar.at/shop/lebensmittel/p/6327361","data":[{"key":"price","value":"0,39 €"},{"key":"oldPrice","value":"\n\t\t\t\t\t\n\t\t\t\t\tstatt 0,79 €\n\t\t\t\t"},{"key":"pricePerUnit","value":"(2.79 €/kg)"},{"key":"productDetailsName","value":"Müller - Joghurt mit der Ecke griech. Art Aprikose Honig - 140 G"},{"key":"detailsDescription","value":"140 G"},{"key":"articleNumber","value":"Artikelnummer: 6327361"},{"key":"Lagerhinweis:","value":["Bei max. +8°C lagern."]},{"key":"Zutaten:","value":["Zutaten: JOGHURT mild, Wasser, Zucker, Aprikosen*, Honig, modifizierte Stärke, Zitronensaftkonzentrat, Emulgator: Milchsäureester von Mono- und Diglyceriden von Speisefettsäuren, Speisegelatine, Verdickungsmittel: Pektine, Farbstoff: Carotin, Aroma, Schaummittel: Stickstoff. *8,5 % Fruchtgehalt im Endprodukt. In Großbuchstaben angegebene Zutaten enthalten allergene Inhaltstoffe."]},{"key":"Allergene:","value":["Enthält:Milch und daraus gewonnene Erzeugnisse (inkl. Laktose)"]},{"key":"Identitätskennzeichen:","value":["DE SN 016 EG"]},{"key":"Kontakt:","value":["Molkerei Alois Müller GmbH & Co. KG","Zollerstraße 7, 86850 Fischach-Aretsried, Deutschland"]}],"nutritions":[{"key":"","value":"Unzubereitet"},{"key":" ","value":"100 g"},{"key":"Energie","value":"566 kJ | 133 kcal"},{"key":"Fett","value":"6,1 g"},{"key":"Fett, davon gesättigte Fettsäuren","value":"4,2 g"},{"key":"Kohlenhydrate","value":"14,5 g"},{"key":"Kohlenhydrate, davon Zucker","value":"13,9 g"},{"key":"Eiweiß","value":"4,2 g"},{"key":"Salz","value":"0,14 g"}],"tags":[]},
    {"url":"https://www.interspar.at/shop/lebensmittel/p/6331535","data":[{"key":"price","value":"0,39 €"},{"key":"oldPrice","value":"\n\t\t\t\t\t\n\t\t\t\t\tstatt 0,79 €\n\t\t\t\t"},{"key":"pricePerUnit","value":"(3.45 €/kg)"},{"key":"productDetailsName","value":"Müller - Joghurt mit der Ecke griech. Art Mandel Crunch - 113 G"},{"key":"detailsDescription","value":"113 G"},{"key":"articleNumber","value":"Artikelnummer: 6331535"},{"key":"Lagerhinweis:","value":["Bei max. 8°C lagern."]},{"key":"Zutaten:","value":["Zutaten: JOGHURT mild, Zucker, 4,2 % MANDELSTÜCKE, WEIZENMEHL, Reismehl, Glukosesirup, Palmöl, Honig, Maismehl, WEIZENMALZ, Speisesalz, GERSTENMALZ, WEIZENGLUTEN, Traubenzucker, Emulgator: Milchsäureester von Mono- und Diglyceriden von Speisefettsäuren, Speisegelatine, Aroma, Schaummittel Stickstoff. In Großbuchstaben angegebene Zutaten enthalten allergene Inhaltstoffe."]},{"key":"Allergene:","value":["Kann Spuren enthalten von:Erdnüsse und daraus gewonnene Erzeugnisse, Schalenfrüchte und daraus gewonnene Erzeugnisse","Enthält:Glutenhaltiges Getreide und daraus hergestellte Erzeugnisse, Milch und daraus gewonnene Erzeugnisse (inkl. Laktose), Schalenfrüchte und daraus gewonnene Erzeugnisse"]},{"key":"Identitätskennzeichen:","value":["DE SN 016 EG"]},{"key":"Kontakt:","value":["Molkerei Alois Müller GmbH & Co. KG","Zollerstraße 7, 86850 Fischach-Aretsried, Deutschland"]}],"nutritions":[{"key":"","value":"Unzubereitet"},{"key":" ","value":"100 g"},{"key":"Energie","value":"739 kJ | 177 kcal"},{"key":"Fett","value":"9,9 g"},{"key":"Fett, davon gesättigte Fettsäuren","value":"5,5 g"},{"key":"Kohlenhydrate","value":"14,9 g"},{"key":"Kohlenhydrate, davon Zucker","value":"12,5 g"},{"key":"Eiweiß","value":"6,1 g"},{"key":"Salz","value":"0,19 g"}],"tags":[]},
    {"url":"https://www.interspar.at/shop/lebensmittel/p/7650611","data":[{"key":"price","value":"1,29 €"},{"key":"oldPrice","value":"\n\t\t\t\t\t\n\t\t\t\t\t \n\t\t\t\t"},{"key":"pricePerUnit","value":"(5.16 €/kg)"},{"key":"productDetailsName","value":"Maresi - Bio Kaffeemilch - 250 G"},{"key":"detailsDescription","value":"250 G"},{"key":"articleNumber","value":"Artikelnummer: 7650611"},{"key":"Lagerhinweis:","value":["Bei Zimmertemperatur lagern, vor starkem Licht schützen. Nach dem Öffnen gekühlt lagern und innerhalb einer Woche verbrauchen."]},{"key":"Zutaten:","value":["Kondensierte Bio-Vollmilch. In Großbuchstaben angegebene Zutaten enthalten allergene Inhaltstoffe."]},{"key":"Allergene:","value":["Enthält:Milch und daraus gewonnene Erzeugnisse (inkl. Laktose)"]},{"key":"Bio-Kontrollstelle:","value":["AT-BIO-301"]},{"key":"Ökoherkunft:","value":["Österreich-Landwirtschaft"]},{"key":"Identitätskennzeichen:","value":["AT 62640 EG"]},{"key":"Kontakt:","value":["Maresi Austria GmbH","Meytensgasse 27, Postfach 111, A-1131 Wien, Österreich"]}],"nutritions":[{"key":"","value":"Unzubereitet"},{"key":" ","value":"100 g"},{"key":"Energie","value":"541 kJ | 129 kcal"},{"key":"Fett","value":"7,5 g"},{"key":"Fett, davon gesättigte Fettsäuren","value":"4,7 g"},{"key":"Kohlenhydrate","value":"9,4 g"},{"key":"Kohlenhydrate, davon Zucker","value":"9,4 g"},{"key":"Eiweiß","value":"6,2 g"},{"key":"Salz","value":"0,24 g"}],"tags":["Bio"]},
    {"url":"https://www.interspar.at/shop/lebensmittel/p/7754111","data":[{"key":"price","value":"0,65 €"},{"key":"oldPrice","value":"\n\t\t\t\t\t\n\t\t\t\t\t \n\t\t\t\t"},{"key":"pricePerUnit","value":"(4.33 €/kg)"},{"key":"productDetailsName","value":"Zott - Sahne-Joghurt Erdbeer Panna Cotta - 150 G"},{"key":"detailsDescription","value":"150 G"},{"key":"articleNumber","value":"Artikelnummer: 7754111"},{"key":"Lagerhinweis:","value":["Bei max. 8°C lagern."]},{"key":"Zutaten:","value":["Zutaten: SAHNEJOGHURT mild, Glukose-Fruktose-Sirup, 6,3% Erdbeeren und Erdbeersaft aus Erdbeersaftkonzentrat, Zucker, 4% Panna Cotta (SAHNE, gemahlene extrahierte Vanilleschoten, Aroma), färbendes Rote Beetesaftkonzentrat, Aroma. In Großbuchstaben angegebene Zutaten enthalten allergene Inhaltsstoffe."]},{"key":"Allergene:","value":["Enthält:Milch und daraus gewonnene Erzeugnisse (inkl. Laktose)"]},{"key":"Identitätskennzeichen:","value":["DE BY 77721 EG"]},{"key":"Kontakt:","value":["Zott SE & Co. KG","Dr.-Steichele-Straße 2-4, 86690 Mertingen, Deutschland"]}],"nutritions":[{"key":"","value":"Unzubereitet"},{"key":" ","value":"100 g"},{"key":"Energie","value":"634 kJ | 152 kcal"},{"key":"Fett","value":"8,7 g"},{"key":"Fett, davon gesättigte Fettsäuren","value":"5,9 g"},{"key":"Kohlenhydrate","value":"15,1 g"},{"key":"Kohlenhydrate, davon Zucker","value":"14,2 g"},{"key":"Eiweiß","value":"2,4 g"},{"key":"Salz","value":"0,13 g"}],"tags":[]},
    {"url":"https://www.interspar.at/shop/lebensmittel/p/7754128","data":[{"key":"price","value":"0,65 €"},{"key":"oldPrice","value":"\n\t\t\t\t\t\n\t\t\t\t\t \n\t\t\t\t"},{"key":"pricePerUnit","value":"(4.33 €/kg)"},{"key":"productDetailsName","value":"Zott - Sahne-Joghurt Pfirsich Panna Cotta - 150 G"},{"key":"detailsDescription","value":"150 G"},{"key":"articleNumber","value":"Artikelnummer: 7754128"},{"key":"Lagerhinweis:","value":["Bei max. +8°C lagern."]},{"key":"Zutaten:","value":["Zutaten: SAHNEJOGHURT mild, 8% Früchte (7,2% Pfirsiche, 0,8% Maracujasaft aus Maracujasaftkonzentrat), Zucker, 4% Panna Cotta (SAHNE, Zucker, gemahlene Vanilleschoten, Aroma), Glukose-Fruktose-Sirup, Aroma. In Großbuchstaben angegebene Zutaten enthalten allergene Inhaltsstoffe."]},{"key":"Allergene:","value":["Enthält:Milch und daraus gewonnene Erzeugnisse (inkl. Laktose)"]},{"key":"Identitätskennzeichen:","value":["DE BY 77721 EG"]},{"key":"Kontakt:","value":["Zott SE & Co. KG","Dr.-Steichele-Straße 2-4, 86690 Mertingen, Deutschland"]}],"nutritions":[{"key":"","value":"Unzubereitet"},{"key":" ","value":"100 g"},{"key":"Energie","value":"634 kJ | 152 kcal"},{"key":"Fett","value":"8,7 g"},{"key":"Fett, davon gesättigte Fettsäuren","value":"5,9 g"},{"key":"Kohlenhydrate","value":"15,1 g"},{"key":"Kohlenhydrate, davon Zucker","value":"14,2 g"},{"key":"Eiweiß","value":"2,4 g"},{"key":"Salz","value":"0,13 g"}],"tags":[]},
    {"url":"https://www.interspar.at/shop/lebensmittel/p/2020000733843","data":[{"key":"price","value":"0,59 €"},{"key":"oldPrice","value":"\n\t\t\t\t\t\n\t\t\t\t\t \n\t\t\t\t"},{"key":"pricePerUnit","value":"(3.28 €/kg)"},{"key":"productDetailsName","value":"NÖM Cremix - Schoko Schoko - 180 G"},{"key":"detailsDescription","value":"180 G"},{"key":"articleNumber","value":"Artikelnummer: 2020000733843"},{"key":"Lagerhinweis:","value":["Gekühlt (3-9°C) lagern."]},{"key":"Zutaten:","value":["Zutaten: JOGHURT mild*, Zucker, Wasser, 2,5% Schokolade (Kakaomasse, Zucker, Kakaobutter, Emulgator: Sonnenblumenlecithin), 2,5% Schokosplits (Kakaomasse, Kakaobutter, Zucker, Emulgator: Sonnenblumenlecithin), 1% Kakaopulver, modifizierte Stärke, natürliches Aroma. *aus gentechnikfreier Milch laut Definition des Österreichischen Lebensmittelcodex für gentechnikfreie Produktion; Kontrolle durch agroVet GmbH. In Großbuchstaben angegebene Zutaten enthalten allergene Inhaltstoffe."]},{"key":"Allergene:","value":["Enthält:Milch und daraus gewonnene Erzeugnisse (inkl. Laktose)"]},{"key":"Identitätskennzeichen:","value":["AT 30960 EG"]},{"key":"Kontakt:","value":["NÖM AG","Vöslauer Straße 109, 2500 Baden, Österreich","0800 800 500"]}],"nutritions":[{"key":"","value":"Unzubereitet"},{"key":" ","value":"100 g"},{"key":"Energie","value":"663 kJ | 158 kcal | 8 %"},{"key":"Fett","value":"8 g | 11 %"},{"key":"Fett, davon gesättigte Fettsäuren","value":"4,8 g | 24 %"},{"key":"Kohlenhydrate","value":"7,7 g | 7 %"},{"key":"Kohlenhydrate, davon Zucker","value":"17,2 g | 19 %"},{"key":"Eiweiß","value":"3 g | 6 %"},{"key":"Salz","value":"0,1 g | 2 %"},{"key":"","value":"Unzubereitet"},{"key":" ","value":"Portion (180 g)"},{"key":"Energie","value":"1193 kJ | 284 kcal"},{"key":"Fett","value":"14,4 g"},{"key":"Fett, davon gesättigte Fettsäuren","value":"8,6 g"},{"key":"Kohlenhydrate","value":"31,9 g"},{"key":"Kohlenhydrate, davon Zucker","value":"31 g"},{"key":"Eiweiß","value":"5,4 g"},{"key":"Salz","value":"0,18 g"}],"tags":[]},
    {"url":"https://www.interspar.at/shop/lebensmittel/p/2020001039999","data":[{"key":"price","value":"1,25 €"},{"key":"oldPrice","value":"\n\t\t\t\t\t\n\t\t\t\t\t \n\t\t\t\t"},{"key":"pricePerUnit","value":"(3.13 €/kg)"},{"key":"productDetailsName","value":"NÖM - Rahmjoghurt natur gerührt - 400 G"},{"key":"detailsDescription","value":"400 G"},{"key":"articleNumber","value":"Artikelnummer: 2020001039999"},{"key":"Lagerhinweis:","value":["Gekühlt (+ 3-9 °C) lagern."]},{"key":"Zutaten:","value":["Zutaten: NATURJOGHURT. In Großbuchstaben angegebene Zutaten enthalten allergene Inhaltsstoffe."]},{"key":"Allergene:","value":["Enthält:Milch und daraus gewonnene Erzeugnisse (inkl. Laktose)"]},{"key":"Identitätskennzeichen:","value":["AT 30960 EG"]},{"key":"Kontakt:","value":["NÖM AG","Vöslauer Straße 109, 2500 Baden, Österreich"]}],"nutritions":[{"key":"","value":"Unzubereitet"},{"key":" ","value":"100 g"},{"key":"Energie","value":"501 kJ | 121 kcal"},{"key":"Fett","value":"10 g"},{"key":"Fett, davon gesättigte Fettsäuren","value":"6 g"},{"key":"Kohlenhydrate","value":"4,4 g"},{"key":"Kohlenhydrate, davon Zucker","value":"4,4 g"},{"key":"Eiweiß","value":"3,2 g"},{"key":"Salz","value":"0,1 g"}],"tags":[]},
    {"url":"https://www.interspar.at/shop/lebensmittel/p/2020001410361","data":[{"key":"price","value":"0,59 €"},{"key":"oldPrice","value":"\n\t\t\t\t\t\n\t\t\t\t\t \n\t\t\t\t"},{"key":"pricePerUnit","value":"(2.95 €/kg)"},{"key":"productDetailsName","value":"NÖM - Joghurt Griechischer Art 10% - 200 G"},{"key":"detailsDescription","value":"200 G"},{"key":"articleNumber","value":"Artikelnummer: 2020001410361"},{"key":"Lagerhinweis:","value":["gekühlt (3-9°C) lagern"]},{"key":"Zutaten:","value":["Zutaten: NATURJOGHURT. In Großbuchstaben angegebene Zutaten enthalten allergene Inhaltstoffe."]},{"key":"Allergene:","value":["Enthält:Milch und daraus gewonnene Erzeugnisse (inkl. Laktose)"]},{"key":"Identitätskennzeichen:","value":["AT 30960 EG"]},{"key":"Verwendungshinweis:","value":["Innerhalb von 2-3 Tagen verbrauchen."]},{"key":"Kontakt:","value":["NÖM AG","Vöslauer Straße 109, 2500 Baden, Österreich"]}],"nutritions":[{"key":"","value":"Unzubereitet"},{"key":"Energie","value":"501 kJ | 121 kcal"},{"key":"Fett","value":"10 g"},{"key":"Fett, davon gesättigte Fettsäuren","value":"6 g"},{"key":"Kohlenhydrate","value":"4,4 g"},{"key":"Kohlenhydrate, davon Zucker","value":"4,4 g"},{"key":"Eiweiß","value":"3,2 g"},{"key":"Salz","value":"0,1 g"}],"tags":[]},
    {"url":"https://www.interspar.at/shop/lebensmittel/p/5045129","data":[{"key":"price","value":"0,65 €"},{"key":"oldPrice","value":"\n\t\t\t\t\t\n\t\t\t\t\t \n\t\t\t\t"},{"key":"pricePerUnit","value":"(4.64 €/kg)"},{"key":"productDetailsName","value":"Zott - Sahne-Joghurt Mascarpone Zitrone - 140 G"},{"key":"detailsDescription","value":"140 G"},{"key":"articleNumber","value":"Artikelnummer: 5045129"},{"key":"Lagerhinweis:","value":["Bei max. +8°C aufbewahren."]},{"key":"Zutaten:","value":["Zutaten: SAHNEJOGHURT mild, Wasser, Glukose-Fruktose-Sirup, Zucker, Mascarpone (FRISCHKÄSE-Doppelrahmstufe), Zitronen und Zitronensaft aus Zitronensaftkonzentrat, Limonensaft aus Limonensaftkonzentrat, Aroma, Farbstoff: Riboflavin. In Großbuchstaben angegebene Zutaten enthalten allergene Inhaltsstoffe."]},{"key":"Allergene:","value":["Enthält:Milch und daraus gewonnene Erzeugnisse (inkl. Laktose)"]},{"key":"Identitätskennzeichen:","value":["DE BY 77721 EG"]},{"key":"Kontakt:","value":["Zott SE & Co. KG","Dr.-Steichele-Straße 2-4, 86690 Mertingen, Deutschland"]}],"nutritions":[{"key":"","value":"Unzubereitet"},{"key":" ","value":"100 g"},{"key":"Energie","value":"610 kJ | 146 kcal"},{"key":"Fett","value":"8,3 g"},{"key":"Fett, davon gesättigte Fettsäuren","value":"5,6 g"},{"key":"Kohlenhydrate","value":"14,6 g"},{"key":"Kohlenhydrate, davon Zucker","value":"13,4 g"},{"key":"Eiweiß","value":"2,3 g"},{"key":"Salz","value":"0,13 g"}],"tags":[]},
    {"url":"https://www.interspar.at/shop/lebensmittel/p/2376264","data":[{"key":"price","value":"0,39 €"},{"key":"oldPrice","value":"\n\t\t\t\t\t\n\t\t\t\t\t \n\t\t\t\t"},{"key":"pricePerUnit","value":"(2.60 €/kg)"},{"key":"productDetailsName","value":"S-BUDGET - Cremejogurt Banane - 150 G"},{"key":"detailsDescription","value":"150 G"},{"key":"articleNumber","value":"Artikelnummer: 2376264"},{"key":"Lagerhinweis:","value":["Gekühlt lagern."]},{"key":"Zutaten:","value":["Zutaten: Rahmjogurt (pasteurisierter RAHM, Milchsäurekulturen), Zucker, Bananenpüree 3,1%, Schokoladenkuvertüresplits 2,1%(Kakaomasse, Kakaobutter, Zucker, Emulgator Lecithine), Glucose-Fructose-Sirup, Bananensaft aus Bananensaftkonzentrat 1,6%, modifizierte Stärke, Säureregulator Citronensäure, Farbstoff Beta-Carotin, Aroma. In Großbuchstaben angegebene Zutaten enthalten allergene Inhaltsstoffe."]},{"key":"Allergene:","value":["Enthält:Milch und daraus gewonnene Erzeugnisse (inkl. Laktose)"]},{"key":"Identitätskennzeichen:","value":["AT 30751 EG"]},{"key":"Zusatztext:","value":["Hergestellt aus gentechnikfreier Milch gemäß Codex-Richtlinie zur Definition der gentechnikfreien Produktion, Kontrollstelle: Lacon GmbH"]},{"key":"Ursprungsland/Herkunftsort:","value":["hergestellt in Österreich"]},{"key":"Kontakt:","value":["SPAR Österr. Warenhandels-AG","Europastraße 3, 5015 Salzburg, Österreich"]}],"nutritions":[{"key":"","value":"Unzubereitet"},{"key":" ","value":"100 g"},{"key":"Energie","value":"633 kJ | 152 kcal"},{"key":"Fett","value":"9,6 g"},{"key":"Fett, davon gesättigte Fettsäuren","value":"6,2 g"},{"key":"Kohlenhydrate","value":"14 g"},{"key":"Kohlenhydrate, davon Zucker","value":"13 g"},{"key":"Ballaststoffe","value":"0,3 g"},{"key":"Eiweiß","value":"2,7 g"},{"key":"Salz","value":"0,08 g"},{"key":"Broteinheiten","value":"1,1 BE"}],"tags":["immer Billig"]},
    {"url":"https://www.interspar.at/shop/lebensmittel/p/1733617","data":[{"key":"price","value":"1,89 €"},{"key":"oldPrice","value":"\n\t\t\t\t\t\n\t\t\t\t\t \n\t\t\t\t"},{"key":"pricePerUnit","value":"(4.73 €/kg)"},{"key":"productDetailsName","value":"Mevgal - Griechischer Sahnejoghurt 10% 2 x 200g - 400 G"},{"key":"detailsDescription","value":"400 G"},{"key":"articleNumber","value":"Artikelnummer: 1733617"},{"key":"Lagerhinweis:","value":["Bei +8°C lagern."]},{"key":"Zutaten:","value":["Zutaten: KUHMILCH, SAHNE, MILCHEIWEISS, Joghurtkulturen. In Großbuchstaben angegebene Zutaten enthalten allergene Inhaltsstoffe."]},{"key":"Allergene:","value":["Enthält:Milch und daraus gewonnene Erzeugnisse (inkl. Laktose)"]},{"key":"Identitätskennzeichen:","value":["GR 18.2.115 EC"]},{"key":"Ursprungsland/Herkunftsort:","value":["Griechenland"]},{"key":"Kontakt:","value":["Mevgal A.E.","57100 KoufaliaThessaloniki, Griechenland"]}],"nutritions":[{"key":"","value":"Unzubereitet"},{"key":" ","value":"100 g"},{"key":"Energie","value":"536 kJ | 129 kcal"},{"key":"Fett","value":"10 g"},{"key":"Fett, davon gesättigte Fettsäuren","value":"7,5 g"},{"key":"Kohlenhydrate","value":"3,5 g"},{"key":"Kohlenhydrate, davon Zucker","value":"3,5 g"},{"key":"Eiweiß","value":"5,5 g"},{"key":"Salz","value":"0,11 g"},{"key":"","value":"Unzubereitet"},{"key":" ","value":"Portion (200 g)"},{"key":"Energie","value":"1072 kJ | 258 kcal | 13 %"},{"key":"Fett","value":"20 g | 29 %"},{"key":"Fett, davon gesättigte Fettsäuren","value":"15 g | 75 %"},{"key":"Kohlenhydrate","value":"7 g | 3 %"},{"key":"Kohlenhydrate, davon Zucker","value":"7 g | 8 %"},{"key":"Eiweiß","value":"11 g | 22 %"},{"key":"Salz","value":"0,22 g | 3 %"}],"tags":[]},
    {"url":"https://www.interspar.at/shop/lebensmittel/p/2020001189779","data":[{"key":"price","value":"1,99 €"},{"key":"oldPrice","value":"\n\t\t\t\t\t\n\t\t\t\t\t \n\t\t\t\t"},{"key":"pricePerUnit","value":"(15.92 €/kg)"},{"key":"productDetailsName","value":"Harvest Moon - Vanille - 125 G"},{"key":"detailsDescription","value":"125 G"},{"key":"articleNumber","value":"Artikelnummer: 2020001189779"},{"key":"Lagerhinweis:","value":["Gekühlt (2-7°C) lagern."]},{"key":"Zutaten:","value":["Zutaten: Kokosmilch*, Stärke*, Vanille* (1%), Joghurtkultuen (vegan). *=kontrolliert biologischer Anbau."]},{"key":"","value":["Laktosefrei und Glutenfrei"]},{"key":"Bio-Kontrollstelle:","value":["AT-Bio-301"]},{"key":"Kontakt:","value":["Whollees GmbH","Eimsbütteler Chaussee 23, 20259 Hamburg, Deutschland"]}],"nutritions":[{"key":"","value":"Unzubereitet"},{"key":"Energie","value":"766 kJ | 183 kcal"},{"key":"Fett","value":"18 g"},{"key":"Fett, davon gesättigte Fettsäuren","value":"13 g"},{"key":"Kohlenhydrate","value":"3 g"},{"key":"Kohlenhydrate, davon Zucker","value":"0,5 g"},{"key":"Eiweiß","value":"2,3 g"},{"key":"Salz","value":"0,01 g"}],"tags":["Bio","Vegan","Glutenfrei","Lactosefrei"]},
    {"url":"https://www.interspar.at/shop/lebensmittel/p/2020001190522","data":[{"key":"price","value":"1,99 €"},{"key":"oldPrice","value":"\n\t\t\t\t\t\n\t\t\t\t\t \n\t\t\t\t"},{"key":"pricePerUnit","value":"(15.92 €/kg)"},{"key":"productDetailsName","value":"Harvest Moon - Lemon - 125 G"},{"key":"detailsDescription","value":"125 G"},{"key":"articleNumber","value":"Artikelnummer: 2020001190522"},{"key":"Lagerhinweis:","value":["Gekühlt (2-7°C) lagern."]},{"key":"Zutaten:","value":["Zutaten: Kokosmilch*, Traube*, Zitrone* (2%), Stärke*, Zitronenöl*, Joghurtkulturen (vegan) *=kontrolliert biologischer Anbau."]},{"key":"","value":["Laktosefrei und Glutenfrei"]},{"key":"Bio-Kontrollstelle:","value":["AT-Bio-301"]},{"key":"Kontakt:","value":["Whollees GmbH","Eimsbütteler Chaussee 23, 20259 Hamburg, Deutschland"]}],"nutritions":[{"key":"","value":"Unzubereitet"},{"key":" ","value":"100 g"},{"key":"Energie","value":"682 kJ | 163 kcal"},{"key":"Fett","value":"14,4 g"},{"key":"Fett, davon gesättigte Fettsäuren","value":"10,4 g"},{"key":"Kohlenhydrate","value":"5,8 g"},{"key":"Kohlenhydrate, davon Zucker","value":"3,5 g"},{"key":"Eiweiß","value":"1,8 g"},{"key":"Salz","value":"0,01 g"}],"tags":["Bio","Vegan","Glutenfrei","Lactosefrei"]},
    {"url":"https://www.interspar.at/shop/lebensmittel/p/2020001693740","data":[{"key":"price","value":"1,49 €"},{"key":"oldPrice","value":"\n\t\t\t\t\t\n\t\t\t\t\t \n\t\t\t\t"},{"key":"pricePerUnit","value":"(5.96 €/kg)"},{"key":"productDetailsName","value":"Danone Oikos Greek - Joghurt nach griechischer Art Natur 2 x 125g - 250 G"},{"key":"detailsDescription","value":"250 G"},{"key":"articleNumber","value":"Artikelnummer: 2020001693740"},{"key":"Lagerhinweis:","value":["Bei maximal +8 °C lagern."]},{"key":"Zutaten:","value":["Zutaten: JOGHURT. In Großbuchstaben angegebene Zutaten enthalten allergene Inhaltsstoffe."]},{"key":"Allergene:","value":["Enthält:Milch und daraus gewonnene Erzeugnisse (inkl. Laktose)"]},{"key":"Identitätskennzeichen:","value":["DE BY-601 EG"]},{"key":"Kontakt:","value":["Danone GmbH","Technologiestraße 10, 1120 Wien, Österreich","+43 (0)1 / 211 57-207"]}],"nutritions":[{"key":"","value":"Unzubereitet"},{"key":" ","value":"100 g"},{"key":"Energie","value":"497 kJ | 120 kcal"},{"key":"Fett","value":"10 g"},{"key":"Fett, davon gesättigte Fettsäuren","value":"6,4 g"},{"key":"Kohlenhydrate","value":"4,2 g"},{"key":"Kohlenhydrate, davon Zucker","value":"4,2 g"},{"key":"Eiweiß","value":"3,3 g"},{"key":"Salz","value":"0,13 g"}],"tags":[]},
    {"url":"https://www.interspar.at/shop/lebensmittel/p/2020001808465","data":[{"key":"price","value":"2,49 €"},{"key":"oldPrice","value":"\n\t\t\t\t\t\n\t\t\t\t\t \n\t\t\t\t"},{"key":"pricePerUnit","value":"(6.23 €/kg)"},{"key":"productDetailsName","value":"Rama - mit Butter mit hochwertigem Rapsöl&Butter - 400 G"},{"key":"detailsDescription","value":"400 G"},{"key":"articleNumber","value":"Artikelnummer: 2020001808465"},{"key":"Lagerhinweis:","value":["Gekühlt lagern."]},{"key":"Zutaten:","value":["Zutaten: pflanzliche Öle und Fette (36% Raps, Palm), 10% BUTTER, BUTTERMILCH, Trinkwasser, Meersalz 0,3%, Emulgator: Lecithine, natürliches Aroma (mit MILCH), Säuerungsmittel: Milchsäure, Farbstoff: Carotin. In Großbuchstaben angegebene Zutaten enthalten allergene Inhaltsstoffe."]},{"key":"Allergene:","value":["Enthält:Milch und daraus gewonnene Erzeugnisse (inkl. Laktose)"]},{"key":"Kontakt:","value":["Unilever Austria","Stella-Klein-Löw-Weg 13, 1023 Wien, Österreich"]}],"nutritions":[{"key":"","value":"Unzubereitet"},{"key":" ","value":"100 g"},{"key":"Energie","value":"2994 kJ | 717 kcal"},{"key":"Fett","value":"80 g"},{"key":"Fett, davon gesättigte Fettsäuren","value":"30 g"},{"key":"Kohlenhydrate","value":"0,6 g"},{"key":"Kohlenhydrate, davon Zucker","value":"0,6 g"},{"key":"Eiweiß","value":"< 0,5 g"},{"key":"Salz","value":"0,32 g"}],"tags":["immer Billig"]},
    {"url":"https://www.interspar.at/shop/lebensmittel/p/2020001847860","data":[{"key":"price","value":"0,89 €"},{"key":"oldPrice","value":"\n\t\t\t\t\t\n\t\t\t\t\t \n\t\t\t\t"},{"key":"pricePerUnit","value":"(5.93 €/kg)"},{"key":"productDetailsName","value":"Nestlé YAOS - Joghurt nach griechischer Art Erdbeere - 150 G"},{"key":"detailsDescription","value":"150 G"},{"key":"articleNumber","value":"Artikelnummer: 2020001847860"},{"key":"Lagerhinweis:","value":["Bei max. 8°C lagern."]},{"key":"Zutaten:","value":["Zutaten: JOGHURT, Erdbeerzubereitung (Zucker, 4 % Erdbeerstückchen, 3 % Erdbeerpüree aus Konzentrat, modifizierte Stärke, Aromen, Pflanzensaftkonzentrat (schwarze Karotte), Vanilleextrakt, Säureregulator: Natriumcitrate.) In Großbuchstaben angegebene Zutaten enthalten allergene Inhaltsstoffe."]},{"key":"Allergene:","value":["Enthält:Milch und daraus gewonnene Erzeugnisse (inkl. Laktose)"]},{"key":"Identitätskennzeichen:","value":["SIM-155 ES"]},{"key":"Kontakt:","value":["Lactalis Nestlé Frischprodukte Österreich GmbH","Grabenweg 58, 6020 Innsbruck, Österreich"]}],"nutritions":[{"key":"","value":"Unzubereitet"},{"key":" ","value":"100 g"},{"key":"Energie","value":"556 kJ | 133 kcal"},{"key":"Fett","value":"7,9 g"},{"key":"Fett, davon gesättigte Fettsäuren","value":"5,5 g"},{"key":"Kohlenhydrate","value":"12,7 g"},{"key":"Kohlenhydrate, davon Zucker","value":"12,1 g"},{"key":"Ballaststoffe","value":"0 g"},{"key":"Eiweiß","value":"2,8 g"},{"key":"Salz","value":"0,1 g"},{"key":"","value":"Unzubereitet"},{"key":" ","value":"Portion (150 g)"},{"key":"Energie","value":"834 kJ | 200 kcal | 10 %"},{"key":"Fett","value":"11,9 g | 17 %"},{"key":"Fett, davon gesättigte Fettsäuren","value":"8,3 g | 42 %"},{"key":"Kohlenhydrate","value":"19,1 g | 7 %"},{"key":"Kohlenhydrate, davon Zucker","value":"18,2 g | 20 %"},{"key":"Ballaststoffe","value":"0 g"},{"key":"Eiweiß","value":"4,2 g | 8 %"},{"key":"Salz","value":"0,15 g | 3 %"}],"tags":[]},
    {"url":"https://www.interspar.at/shop/lebensmittel/p/2020001847976","data":[{"key":"price","value":"0,89 €"},{"key":"oldPrice","value":"\n\t\t\t\t\t\n\t\t\t\t\t \n\t\t\t\t"},{"key":"pricePerUnit","value":"(5.93 €/kg)"},{"key":"productDetailsName","value":"Nestlé YAOS - Joghurt nach griechischer Art Zitrone Ingwer - 150 G"},{"key":"detailsDescription","value":"150 G"},{"key":"articleNumber","value":"Artikelnummer: 2020001847976"},{"key":"Lagerhinweis:","value":["Bei max. 8° C lagern."]},{"key":"Zutaten:","value":["Zutaten: JOGHURT, Zitronen-Ingwer Zubereitung (Zucker, Wasser, 2,2% Zitronensaft aus Fruchtsaftkonzentrat, 2% Zitronensaft, modifizierte Stärke, Stabilisator: Pektine, 0,1%, Ingwerpulver, Saflorkonzentrat, Zitronensaftkonzentrat, natürliches Aroma). In Großbuchstaben angegebene Zutaten enthalten allergene Inhaltsstoffe."]},{"key":"Allergene:","value":["Enthält:Milch und daraus gewonnene Erzeugnisse (inkl. Laktose)"]},{"key":"Identitätskennzeichen:","value":["SIM-155 ES"]},{"key":"Kontakt:","value":["Lactalis Nestlé Frischeprodukte Österreich GmbH","Grabenweg 58, 6020 Innsbruck, Österreich"]}],"nutritions":[{"key":"","value":"Unzubereitet"},{"key":" ","value":"100 g"},{"key":"Energie","value":"551 kJ | 132 kcal"},{"key":"Fett","value":"7,9 g"},{"key":"Fett, davon gesättigte Fettsäuren","value":"5,5 g"},{"key":"Kohlenhydrate","value":"12,4 g"},{"key":"Kohlenhydrate, davon Zucker","value":"11,8 g"},{"key":"Ballaststoffe","value":"0 g"},{"key":"Eiweiß","value":"2,8 g"},{"key":"Salz","value":"0,1 g"},{"key":"","value":"Unzubereitet"},{"key":" ","value":"Portion (150 g)"},{"key":"Energie","value":"827 kJ | 189 kcal | 10 %"},{"key":"Fett","value":"11,9 g | 17 %"},{"key":"Fett, davon gesättigte Fettsäuren","value":"8,3 g | 42 %"},{"key":"Kohlenhydrate","value":"18,6 g | 7 %"},{"key":"Kohlenhydrate, davon Zucker","value":"17,7 g | 20 %"},{"key":"Ballaststoffe","value":"0 g"},{"key":"Eiweiß","value":"4,2 g | 8 %"},{"key":"Salz","value":"0,15 g | 3 %"}],"tags":[]},
    {"url":"https://www.interspar.at/shop/lebensmittel/p/2020001908967","data":[{"key":"price","value":"0,89 €"},{"key":"oldPrice","value":"\n\t\t\t\t\t\n\t\t\t\t\t \n\t\t\t\t"},{"key":"pricePerUnit","value":"(5.93 €/kg)"},{"key":"productDetailsName","value":"Nestlé YAOS - Joghurt nach griechischer Art Natur - 150 G"},{"key":"detailsDescription","value":"150 G"},{"key":"articleNumber","value":"Artikelnummer: 2020001908967"},{"key":"Lagerhinweis:","value":["Aufbewahren bei max. 8° C"]},{"key":"Zutaten:","value":["Zutaten: MAGERMILCH, SCHLAGOBERS, MAGERMILCHPULVER, Joghurtkulturen. In Großbuchstaben angegebene Zutaten enthalten allergene Inhaltstoffe."]},{"key":"Allergene:","value":["Enthält:Milch und daraus gewonnene Erzeugnisse (inkl. Laktose)"]},{"key":"Identitätskennzeichen:","value":["SIM-155 ES"]},{"key":"Ursprungsland/Herkunftsort:","value":["Milch ist nicht griechischen Ursprungs"]},{"key":"Kontakt:","value":["Lactalis Nestlé Frischeprodukte Österreich GmbH","Grabenweg 58, 6020 Innsbruck, Österreich"]}],"nutritions":[{"key":"","value":"Unzubereitet"},{"key":" ","value":"100 g"},{"key":"Energie","value":"499 kJ | 120 kcal"},{"key":"Fett","value":"9,8 g"},{"key":"Fett, davon gesättigte Fettsäuren","value":"6,8 g"},{"key":"Kohlenhydrate","value":"4,7 g"},{"key":"Kohlenhydrate, davon Zucker","value":"4,7 g"},{"key":"Ballaststoffe","value":"0 g"},{"key":"Eiweiß","value":"3,3 g"},{"key":"Salz","value":"0,1 g"},{"key":"","value":"Unzubereitet"},{"key":" ","value":"Portion (150 g)"},{"key":"Energie","value":"749 kJ | 180 kcal | 9 %"},{"key":"Fett","value":"14,7 g | 21 %"},{"key":"Fett, davon gesättigte Fettsäuren","value":"10,2 g | 51 %"},{"key":"Kohlenhydrate","value":"7,1 g | 3 %"},{"key":"Kohlenhydrate, davon Zucker","value":"7,1 g | 3 %"},{"key":"Ballaststoffe","value":"0 g"},{"key":"Eiweiß","value":"5 g | 10 %"},{"key":"Salz","value":"0,15 g | 3 %"}],"tags":[]},
    {"url":"https://www.interspar.at/shop/lebensmittel/p/2351940","data":[{"key":"price","value":"3,49 €"},{"key":"oldPrice","value":"\n\t\t\t\t\t\n\t\t\t\t\t \n\t\t\t\t"},{"key":"pricePerUnit","value":"(3.49 €/kg)"},{"key":"productDetailsName","value":"Mevgal - Griechischer Joghurt 10% - 1 KG"},{"key":"detailsDescription","value":"1 KG"},{"key":"articleNumber","value":"Artikelnummer: 2351940"},{"key":"Lagerhinweis:","value":["Bei +8°C lagern."]},{"key":"Zutaten:","value":["Zutaten: KUHMILCH, SAHNE, Joghurtkulturen. In Großbuchstaben angegebene Zutaten enthalten allergene Inhaltsstoffe."]},{"key":"Allergene:","value":["Enthält:Milch und daraus gewonnene Erzeugnisse (inkl. Laktose)"]},{"key":"Identitätskennzeichen:","value":["GR 18.2.115 EC"]},{"key":"Zusatztext:","value":["Bitte beachten Sie stets auch die tatsõchliche Kennzeichnung auf der Packung."]},{"key":"Kontakt:","value":["Mevgal A.E.","57100 KoufaliaThessaloniki, Griechenland"]}],"nutritions":[{"key":"","value":"Unzubereitet"},{"key":" ","value":"100 g"},{"key":"Energie","value":"553 kJ | 123 kcal"},{"key":"Fett","value":"10 g"},{"key":"Fett, davon gesättigte Fettsäuren","value":"7,5 g"},{"key":"Kohlenhydrate","value":"3,5 g"},{"key":"Kohlenhydrate, davon Zucker","value":"3,5 g"},{"key":"Ballaststoffe","value":"0 g"},{"key":"Eiweiß","value":"6,5 g"},{"key":"Salz","value":"0,11 g"},{"key":"","value":"Unzubereitet"},{"key":" ","value":"Portion (200 g)"},{"key":"Energie","value":"1106 kJ | 266 kcal | 12 %"},{"key":"Fett","value":"20 g | 29 %"},{"key":"Fett, davon gesättigte Fettsäuren","value":"15 g | 75 %"},{"key":"Kohlenhydrate","value":"7 g | 3 %"},{"key":"Kohlenhydrate, davon Zucker","value":"7 g | 8 %"},{"key":"Ballaststoffe","value":"0 g"},{"key":"Eiweiß","value":"13 g | 19 %"},{"key":"Salz","value":"0,22 g | 3 %"}],"tags":["immer Billig"]},
    {"url":"https://www.interspar.at/shop/lebensmittel/p/3487587","data":[{"key":"price","value":"0,99 €"},{"key":"oldPrice","value":"\n\t\t\t\t\t\n\t\t\t\t\t \n\t\t\t\t"},{"key":"pricePerUnit","value":"(4.95 €/kg)"},{"key":"productDetailsName","value":"Mevgal - Griech. Schafmilch Joghurt - 200 G"},{"key":"detailsDescription","value":"200 G"},{"key":"articleNumber","value":"Artikelnummer: 3487587"},{"key":"Lagerhinweis:","value":["Bei +8°C lagern."]},{"key":"Zutaten:","value":["Zutaten: SCHAFMILCH, Joghurtkulturen. In Großbuchstaben angegebene Zutaten enthalten allergene Inhaltsstoffe."]},{"key":"Allergene:","value":["Enthält:Milch und daraus gewonnene Erzeugnisse (inkl. Laktose)"]},{"key":"Identitätskennzeichen:","value":["GR 18.2.115 EC"]},{"key":"Ursprungsland/Herkunftsort:","value":["Griechenland"]},{"key":"Kontakt:","value":["Mevgal A.E.","57100 KoufaliaThessaloniki, Griechenland"]}],"nutritions":[{"key":"","value":"Unzubereitet"},{"key":" ","value":"100 g"},{"key":"Energie","value":"402 kJ | 96 kcal"},{"key":"Fett","value":"6 g"},{"key":"Fett, davon gesättigte Fettsäuren","value":"3,9 g"},{"key":"Kohlenhydrate","value":"4,8 g"},{"key":"Kohlenhydrate, davon Zucker","value":"4,8 g"},{"key":"Eiweiß","value":"5,6 g"},{"key":"Salz","value":"0,1 g"},{"key":"","value":"Unzubereitet"},{"key":" ","value":"Portion (200 g)"},{"key":"Energie","value":"804 kJ | 192 kcal | 10 %"},{"key":"Fett","value":"12 g | 17 %"},{"key":"Fett, davon gesättigte Fettsäuren","value":"7,8 g | 39 %"},{"key":"Kohlenhydrate","value":"9,6 g | 4 %"},{"key":"Kohlenhydrate, davon Zucker","value":"9,6 g | 11 %"},{"key":"Eiweiß","value":"11,2 g | 22 %"},{"key":"Salz","value":"0,2 g | 3 %"}],"tags":[]},
    {"url":"https://www.interspar.at/shop/lebensmittel/p/7026997","data":[{"key":"price","value":"1,79 €"},{"key":"oldPrice","value":"\n\t\t\t\t\t\n\t\t\t\t\t \n\t\t\t\t"},{"key":"pricePerUnit","value":"(7.96 €/kg)"},{"key":"productDetailsName","value":"Lätta - mit Butter - 225 G"},{"key":"detailsDescription","value":"225 G"},{"key":"articleNumber","value":"Artikelnummer: 7026997"},{"key":"Lagerhinweis:","value":["Bei +2 C bis +10 C lagern."]},{"key":"Zutaten:","value":["Zutaten: Trinkwasser, pflanzliche Öle und Fette (Raps, Palm, Shea), 10% BUTTER, BUTTERMILCH, modifizierte Stärke, Meersalz (0,5%), Emulgatoren: Mono- und Diglyceride von Speisefettsäuren, Lecithine; Konservierungsstoff: Kaliumsorbat, Säuerungsmittel: Milchsäure, natürliche Aromen (mit MILCH), Vitamine (A, D), Farbstoff: Carotine. In Großbuchstaben angegebene Zutaten enthalten allergene Inhaltstoffe."]},{"key":"Allergene:","value":["Enthält:Milch und daraus gewonnene Erzeugnisse (inkl. Laktose)"]},{"key":"Kontakt:","value":["Unilever Deutschland GmbH","Strandkai 1, 20457 Hamburg, Deutschland"]}],"nutritions":[{"key":"","value":"Unzubereitet"},{"key":" ","value":"100 g"},{"key":"Energie","value":"1485 kJ | 355 kcal"},{"key":"Fett","value":"39 g"},{"key":"Fett, davon gesättigte Fettsäuren","value":"17 g"},{"key":"Kohlenhydrate","value":"1,7 g"},{"key":"Kohlenhydrate, davon Zucker","value":"0,5 g"},{"key":"Eiweiß","value":"< 0,5 g"},{"key":"Salz","value":"0,52 g"},{"key":"Vitamin A","value":"800 µg"},{"key":"Vitamin D","value":"7,5 µg"}],"tags":[]},
    {"url":"https://www.interspar.at/shop/lebensmittel/p/2020001606467","data":[{"key":"price","value":"1,99 €"},{"key":"oldPrice","value":"\n\t\t\t\t\t\n\t\t\t\t\t \n\t\t\t\t"},{"key":"pricePerUnit","value":"(15.92 €/kg)"},{"key":"productDetailsName","value":"Harvest Moon - Coconut Milk Yoghurt Chocolate - 125 G"},{"key":"detailsDescription","value":"125 G"},{"key":"articleNumber","value":"Artikelnummer: 2020001606467"},{"key":"Lagerhinweis:","value":["Gekühlt (2-7°C) lagern."]},{"key":"Zutaten:","value":["Zutaten: Kokosmilch*, Wasser, Kokosblütennektar*, Kakao* (8%), Tapiokastärke*, Joghurtkulturen (vegan).*kontrolliert biologischer Anbau."]},{"key":"","value":["Laktosefrei und glutenfrei."]},{"key":"Bio-Kontrollstelle:","value":["AT-Bio-301"]},{"key":"Ökoherkunft:","value":["EU-/Nicht-EU-Landwirtschaft"]},{"key":"Kontakt:","value":["Whollees GmbH","Eimsbütteler Chaussee 23, 20259 Hamburg, Deutschland"]}],"nutritions":[{"key":"","value":"Unzubereitet"},{"key":" ","value":"100 g"},{"key":"Energie","value":"598 kJ | 142 kcal"},{"key":"Fett","value":"15,2 g"},{"key":"Fett, davon gesättigte Fettsäuren","value":"10,5 g"},{"key":"Kohlenhydrate","value":"9,1 g"},{"key":"Kohlenhydrate, davon Zucker","value":"5,7 g"},{"key":"Eiweiß","value":"3,4 g"},{"key":"Salz","value":"0,01 g"}],"tags":["Bio","Vegan","Glutenfrei","Lactosefrei"]},
    {"url":"https://www.interspar.at/shop/lebensmittel/p/5038725","data":[{"key":"price","value":"1,49 €"},{"key":"oldPrice","value":"\n\t\t\t\t\t\n\t\t\t\t\t \n\t\t\t\t"},{"key":"pricePerUnit","value":"(4.52 €/kg)"},{"key":"productDetailsName","value":"Frivissa - Reines Pflanzenfett - 330 G"},{"key":"detailsDescription","value":"330 G"},{"key":"articleNumber","value":"Artikelnummer: 5038725"},{"key":"Lagerhinweis:","value":["Vor Wärme schützen, trocken und dunkel lagern."]},{"key":"Zutaten:","value":["Zutaten: Palmöl, Rapsöl."]},{"key":"Kontakt:","value":["Vereinigte Fettwarenindustrie GmbH","Vogelweiderstraße 71-73 , 4600 Wels, Österreich"]}],"nutritions":[{"key":"","value":"Unzubereitet"},{"key":" ","value":"100 g"},{"key":"Energie","value":"3700 kJ | 900 kcal"},{"key":"Fett","value":"100 g"},{"key":"Fett, davon gesättigte Fettsäuren","value":"42 g"},{"key":"Kohlenhydrate","value":"0 g"},{"key":"Kohlenhydrate, davon Zucker","value":"0 g"},{"key":"Eiweiß","value":"0 g"},{"key":"Salz","value":"0 g"}],"tags":["Vegan"]},
    {"url":"https://www.interspar.at/shop/lebensmittel/p/8065995","data":[{"key":"price","value":"0,79 €"},{"key":"oldPrice","value":"\n\t\t\t\t\t\n\t\t\t\t\t \n\t\t\t\t"},{"key":"pricePerUnit","value":"(6.58 €/kg)"},{"key":"productDetailsName","value":"Nestlé mix-in - Joghurt + Lion Cerealien - 120 G"},{"key":"detailsDescription","value":"120 G"},{"key":"articleNumber","value":"Artikelnummer: 8065995"},{"key":"Lagerhinweis:","value":["Kühl bei maximal +8°C lagern."]},{"key":"Zutaten:","value":["ZUTATEN: JOGHURT, Zucker, Getreide (WEIZENVOLLKORNMEHL, WEIZENMEHL, Maisgrieß), Karamellcreme (gezuckerte KONDENSMAGERMILCH, Zucker, Glukosesirup, BUTTERFETT, Geliermittel: Pektine, Konservierungsstoff: Kaliumsorbat, Speisesalz, Aroma), Glukosesirup, Palmöl, Schokolade, MAGERMILCHPULVER, Dextrose, fettarmer Kakao, Speisesalz, Aroma, Emulgator: Lecithine (SOJA), Farbstoff: Ammoniak-Zuckerkulör, Carotin. In Großbuchstaben angegebene Zutaten enthalten allergene Inhaltsstoffe."]},{"key":"Allergene:","value":["Kann Spuren enthalten von:Erdnüsse und daraus gewonnene Erzeugnisse, Schalenfrüchte und daraus gewonnene Erzeugnisse","Enthält:Glutenhaltiges Getreide und daraus hergestellte Erzeugnisse, Milch und daraus gewonnene Erzeugnisse (inkl. Laktose), Sojabohnen und daraus gewonnene Erzeugnisse"]},{"key":"Kontakt:","value":["Lactalis Nestlé Frischeprodukte Österreich GmbH","Grabenweg 58/ Top 1, 6020 Innsbruck, Österreich"]}],"nutritions":[{"key":"","value":"Unzubereitet"},{"key":" ","value":"100 g"},{"key":"Energie","value":"541 kJ | 129 kcal"},{"key":"Fett","value":"5,3 g"},{"key":"Fett, davon gesättigte Fettsäuren","value":"3,6 g"},{"key":"Kohlenhydrate","value":"15,9 g"},{"key":"Kohlenhydrate, davon Zucker","value":"15,6 g"},{"key":"Eiweiß","value":"4,2 g"},{"key":"Salz","value":"0,13 g"}],"tags":[]},
    {"url":"https://www.interspar.at/shop/lebensmittel/p/8185624","data":[{"key":"price","value":"1,49 €"},{"key":"oldPrice","value":"\n\t\t\t\t\t\n\t\t\t\t\t \n\t\t\t\t"},{"key":"pricePerUnit","value":"(0.37 €/Stück)"},{"key":"productDetailsName","value":"SPAR Feine Küche - Jauseneier aus Bodenhaltung gekocht, mit Salz - 4 STK"},{"key":"detailsDescription","value":"4 STK"},{"key":"articleNumber","value":"Artikelnummer: 8185624"},{"key":"Zutaten:","value":["Zutaten: HÜHNEREI gekocht, Speisesalz jodiert (Speisesalz, Kaliumjodid), Trennmittel: Natriumferrocyanid, Farbstoffe: Eisenoxide, Bixin; Überzugsmittel: Schellack, Carnaubawachs. In Großbuchstaben angegebene Zutaten enthalten allergene Inhaltsstoffe."]},{"key":"Allergene:","value":["Enthält:Eier und daraus gewonnene Erzeugnisse"]},{"key":"Identitätskennzeichen:","value":["AT 10129 EG"]},{"key":"Zusatztext:","value":["- mit 1g Salz beigelegt- gekochte und gefärbte Eier"]},{"key":"Ursprungsland/Herkunftsort:","value":["Qualität aus Österreich"]},{"key":"Kontakt:","value":["SPAR Österr. Warenhandels-AG","Europastraße 3, 5015 Salzburg, Österreich"]}],"nutritions":[{"key":"","value":"Unzubereitet"},{"key":" ","value":"100 g"},{"key":"Energie","value":"648 kJ | 156 kcal"},{"key":"Fett","value":"11 g"},{"key":"Fett, davon gesättigte Fettsäuren","value":"2,8 g"},{"key":"Kohlenhydrate","value":"0,7 g"},{"key":"Kohlenhydrate, davon Zucker","value":"0,3 g"},{"key":"Ballaststoffe","value":"0 g"},{"key":"Eiweiß","value":"13 g"},{"key":"Salz","value":"0,67 g"},{"key":"Broteinheiten","value":"0,1 BE"}],"tags":[]},
    {"url":"https://www.interspar.at/shop/lebensmittel/p/2020000552314","data":[{"key":"price","value":"0,99 €"},{"key":"oldPrice","value":"\n\t\t\t\t\t\n\t\t\t\t\t \n\t\t\t\t"},{"key":"pricePerUnit","value":"(0.50 €/Stück)"},{"key":"productDetailsName","value":"SPAR enjoy - Jauseneier aus Freilandhaltung gekocht, mit Salz - 2 STK"},{"key":"detailsDescription","value":"2 STK"},{"key":"articleNumber","value":"Artikelnummer: 2020000552314"},{"key":"Lagerhinweis:","value":["Gekühlt lagern."]},{"key":"Zutaten:","value":["Zutaten: gekochte Eier (EI, Überzugsmittel: Schellack, Carnaubawachs, Farbstoff: Eisenoxide), Speisesalz jodiert (Speisesalz, Kaliumjodid). In Großbuchstaben angegebene Zutaten enthalten allergene Inhaltsstoffe."]},{"key":"Allergene:","value":["Enthält:Eier und daraus gewonnene Erzeugnisse"]},{"key":"Ursprungsland/Herkunftsort:","value":["Sorgfältig hergestellt in Österreich"]},{"key":"Verwendungshinweis:","value":["SPAR enjoy Jauseneier sind zum sofortigen Verzehr geeignet."]},{"key":"Kontakt:","value":["SPAR Österr. Warenhandels-AG","Europastraße 3, 5015 Salzburg, Österreich"]}],"nutritions":[{"key":"","value":"Unzubereitet"},{"key":" ","value":"100 g"},{"key":"Energie","value":"648 kJ | 156 kcal"},{"key":"Fett","value":"11 g"},{"key":"Fett, davon gesättigte Fettsäuren","value":"2,8 g"},{"key":"Kohlenhydrate","value":"0,7 g"},{"key":"Kohlenhydrate, davon Zucker","value":"0,3 g"},{"key":"Eiweiß","value":"13 g"},{"key":"Salz","value":"0,38 g"}],"tags":["Gekühlt"]},
    {"url":"https://www.interspar.at/shop/lebensmittel/p/5649297","data":[{"key":"price","value":"1,49 €"},{"key":"oldPrice","value":"\n\t\t\t\t\t\n\t\t\t\t\t \n\t\t\t\t"},{"key":"pricePerUnit","value":"(8.76 €/kg)"},{"key":"productDetailsName","value":"Nestlé - Kondensmilch gezuckert - 170 G"},{"key":"detailsDescription","value":"170 G"},{"key":"articleNumber","value":"Artikelnummer: 5649297"},{"key":"Lagerhinweis:","value":["Ungeöffnet bei Raumtemperatur haltbar. Nach dem Öffnen gekühlt lagern und innerhalb von 7 Tagen verbrauchen."]},{"key":"Zutaten:","value":["Zutaten: VOLLMILCH, Zucker LAKTOSE. In Großbuchstaben angegebene Zutaten enthalten allergene Inhaltsstoffe."]},{"key":"Allergene:","value":["Enthält:Milch und daraus gewonnene Erzeugnisse (inkl. Laktose)"]},{"key":"Zubereitung:","value":["Verzehrfertig"]},{"key":"Identitätskennzeichen:","value":["ES 15.00337/PO CE"]},{"key":"Zusatztext:","value":["Durch Erhitzung haltbar gemacht."]},{"key":"Verbrauchen nach dem Öffnen:","value":["7 Tage"]},{"key":"Kontakt:","value":["Nestlé Österreich GmbH","Am Euro Platz 2, 1120 Wien, Österreich","0800/066660","www.nestle.at"]}],"nutritions":[{"key":"","value":"Unzubereitet"},{"key":" ","value":"100 g"},{"key":"Energie","value":"1359 kJ | 322 kcal"},{"key":"Fett","value":"8 g"},{"key":"Fett, davon gesättigte Fettsäuren","value":"5 g"},{"key":"Kohlenhydrate","value":"55 g"},{"key":"Kohlenhydrate, davon Zucker","value":"55 g"},{"key":"Ballaststoffe","value":"0 g"},{"key":"Eiweiß","value":"7,5 g"},{"key":"Salz","value":"0,26 g"},{"key":"Kalzium","value":"300 mg | 37 %"},{"key":"","value":"Unzubereitet"},{"key":" ","value":"Portion (20 g)"},{"key":"Energie","value":"272 kJ | 64 kcal | 3 %"},{"key":"Fett","value":"1,6 g | 2 %"},{"key":"Fett, davon gesättigte Fettsäuren","value":"1 g | 5 %"},{"key":"Kohlenhydrate","value":"11 g | 4 %"},{"key":"Kohlenhydrate, davon Zucker","value":"11 g | 12 %"},{"key":"Ballaststoffe","value":"0 g"},{"key":"Eiweiß","value":"1,5 g | 3 %"},{"key":"Salz","value":"0,05 g | 1 %"},{"key":"Kalzium","value":"0 mg"}],"tags":[]},
    {"url":"https://www.interspar.at/shop/lebensmittel/p/1448887","data":[{"key":"price","value":"3,39 €"},{"key":"oldPrice","value":"\n\t\t\t\t\t\n\t\t\t\t\t \n\t\t\t\t"},{"key":"pricePerUnit","value":"(3.39 €/kg)"},{"key":"productDetailsName","value":"S-BUDGET - Kaffeeweisser - 1 KG"},{"key":"detailsDescription","value":"1 KG"},{"key":"articleNumber","value":"Artikelnummer: 1448887"},{"key":"Lagerhinweis:","value":["Vor und nach dem Öffnen trocken lagern. Nach dem Öffnen alsbald verbrauchen."]},{"key":"Zutaten:","value":["Zutaten: Glukosesirup, Kokosfett, MILCHEIWEISS, Stabilisator: Kaliumphosphat, Emulgator: Mono- und Diglyceride von Speisefettsäuren, Trennmittel: Calciumphosphat, Farbstoff: Beta Carotin. In Großbuchstaben angegebene Zutaten enthalten allergene Inhaltsstoffe."]},{"key":"Allergene:","value":["Enthält:Milch und daraus gewonnene Erzeugnisse (inkl. Laktose)"]},{"key":"Ursprungsland/Herkunftsort:","value":["Sorgfältig hergestellt in den Niederlanden"]},{"key":"Kontakt:","value":["SPAR Österr. Warenhandels-AG","Europastraße 3, 5015 Salzburg, Österreich"]}],"nutritions":[{"key":"","value":"Unzubereitet"},{"key":" ","value":"100 ml"},{"key":"Energie","value":"2172 kJ | 519 kcal"},{"key":"Fett","value":"27 g"},{"key":"Fett, davon gesättigte Fettsäuren","value":"26 g"},{"key":"Kohlenhydrate","value":"67 g"},{"key":"Kohlenhydrate, davon Zucker","value":"10 g"},{"key":"Ballaststoffe","value":"0 g"},{"key":"Eiweiß","value":"2 g"},{"key":"Salz","value":"0,05 g"},{"key":"Broteinheiten","value":"5,6 BE"}],"tags":["immer Billig"]},
    {"url":"https://www.interspar.at/shop/lebensmittel/p/7556104","data":[{"key":"price","value":"3,39 €"},{"key":"oldPrice","value":"\n\t\t\t\t\t\n\t\t\t\t\t \n\t\t\t\t"},{"key":"pricePerUnit","value":"(0.28 €/Stück)"},{"key":"productDetailsName","value":"Die Eiermacher - Wachteleier 12 Stück - 12 STK"},{"key":"detailsDescription","value":"12 STK"},{"key":"articleNumber","value":"Artikelnummer: 7556104"},{"key":"Lagerhinweis:","value":["Gekühlt bei +8°C bis +12°C lagern."]},{"key":"Zutaten:","value":["Zutaten: WACHTELEIER. In Großbuchstaben angegebene Zutaten enthalten allergene Inhaltsstoffe."]},{"key":"Allergene:","value":["Enthält:Eier und daraus gewonnene Erzeugnisse"]},{"key":"Identitätskennzeichen:","value":["AT 41988 EG"]},{"key":"Zusatztext:","value":["- gentechnikfrei- kontrollierte Haltung"]},{"key":"Ursprungsland/Herkunftsort:","value":["Österreich"]},{"key":"Kontakt:","value":["Geflügel GmbH","Meierhofstraße 1, 4553 Schlierbach, Österreich"]}],"nutritions":[],"tags":[]},
    {"url":"https://www.interspar.at/shop/lebensmittel/p/3608418","data":[{"key":"price","value":"2,09 €"},{"key":"oldPrice","value":"\n\t\t\t\t\t\n\t\t\t\t\t \n\t\t\t\t"},{"key":"pricePerUnit","value":"(4.18 €/kg)"},{"key":"productDetailsName","value":"Schärdinger - Mehlspeis-Topfenfülle - 500 G"},{"key":"detailsDescription","value":"500 G"},{"key":"articleNumber","value":"Artikelnummer: 3608418"},{"key":"Lagerhinweis:","value":["Vor und nach dem Öffnen gekühlt (3-6°C) lagern. Nach dem Öffnen innerhalb weniger Tage verbrauchen."]},{"key":"Zutaten:","value":["Zutaten: MAGERTOPFEN, Zucker, RAHM, EIGELBPULVER, Zitronensaftkonzentrat, Rum, Verdickungsmittel: Methylcellulose, Xanthan, Agar-Agar, Johannisbrotkernmehl; Aroma: Vanillin. In Großbuchstaben angegebene Zutaten enthalten allergene Inhaltsstoffe."]},{"key":"Allergene:","value":["Enthält:Eier und daraus gewonnene Erzeugnisse, Milch und daraus gewonnene Erzeugnisse (inkl. Laktose)"]},{"key":"Identitätskennzeichen:","value":["AT 30751 EG"]},{"key":"Kontakt:","value":["Berglandmilch eGen","Schubertstraße 30, 4600 Wels, Österreich"]}],"nutritions":[{"key":"","value":"Unzubereitet"},{"key":" ","value":"100 g"},{"key":"Energie","value":"590 kJ | 140 kcal"},{"key":"Fett","value":"3,9 g"},{"key":"Fett, davon gesättigte Fettsäuren","value":"2,5 g"},{"key":"Kohlenhydrate","value":"17 g"},{"key":"Kohlenhydrate, davon Zucker","value":"17 g"},{"key":"Eiweiß","value":"9,2 g"},{"key":"Salz","value":"0,13 g"}],"tags":[]},
    {"url":"https://www.interspar.at/shop/lebensmittel/p/5675357","data":[{"key":"price","value":"0,99 €"},{"key":"oldPrice","value":"\n\t\t\t\t\t\n\t\t\t\t\t \n\t\t\t\t"},{"key":"pricePerUnit","value":"(3.96 €/kg)"},{"key":"productDetailsName","value":"SPAR Natur*pur - Bio-Speisetopfen - 250 G"},{"key":"detailsDescription","value":"250 G"},{"key":"articleNumber","value":"Artikelnummer: 5675357"},{"key":"Lagerhinweis:","value":["Vor und nach dem Öffnen gekühlt lagern, nach dem Öffnen innerhalb weniger Tage verbrauchen."]},{"key":"Zutaten:","value":["Zutaten: SPEISETOPFEN aus biologischer Landwirtschaft. In Großbuchstaben angegebene Zutaten enthalten allergene Inhaltsstoffe."]},{"key":"Allergene:","value":["Enthält:Milch und daraus gewonnene Erzeugnisse (inkl. Laktose)"]},{"key":"Bio-Kontrollstelle:","value":["AT-BIO-902"]},{"key":"Ökoherkunft:","value":["Österreich-Landwirtschaft"]},{"key":"Identitätskennzeichen:","value":["AT 50151 EG"]},{"key":"Zusatztext:","value":["Kontrolliert durch AT-BIO-301."]},{"key":"Ursprungsland/Herkunftsort:","value":["Qualität aus Österreich"]},{"key":"Kontakt:","value":["SPAR Österr. Warenhandels-AG","Europastraße 3, 5015 Salzburg, Österreich"]}],"nutritions":[{"key":"","value":"Unzubereitet"},{"key":" ","value":"100 g"},{"key":"Energie","value":"418 kJ | 100 kcal"},{"key":"Fett","value":"4,4 g"},{"key":"Fett, davon gesättigte Fettsäuren","value":"2,7 g"},{"key":"Kohlenhydrate","value":"3,6 g"},{"key":"Kohlenhydrate, davon Zucker","value":"3,6 g"},{"key":"Ballaststoffe","value":"0 g"},{"key":"Eiweiß","value":"11 g"},{"key":"Salz","value":"0,1 g"},{"key":"Broteinheiten","value":"0,3 BE"}],"tags":["Bio"]},
    {"url":"https://www.interspar.at/shop/lebensmittel/p/5675470","data":[{"key":"price","value":"0,99 €"},{"key":"oldPrice","value":"\n\t\t\t\t\t\n\t\t\t\t\t \n\t\t\t\t"},{"key":"pricePerUnit","value":"(3.96 €/kg)"},{"key":"productDetailsName","value":"SPAR Natur*pur - Bio-Magertopfen - 250 G"},{"key":"detailsDescription","value":"250 G"},{"key":"articleNumber","value":"Artikelnummer: 5675470"},{"key":"Lagerhinweis:","value":["Vor und nach dem Öffnen gekühlt lagern, nach dem Öffnen innerhalb weniger Tage verbrauchen."]},{"key":"Zutaten:","value":["Zutaten: MAGERTOPFEN aus biologischer Landwirtschaft. In Großbuchstaben angegebene Zutaten enthalten allergene Inhaltsstoffe."]},{"key":"Allergene:","value":["Enthält:Milch und daraus gewonnene Erzeugnisse (inkl. Laktose)"]},{"key":"Bio-Kontrollstelle:","value":["AT-BIO-902"]},{"key":"Ökoherkunft:","value":["Österreich-Landwirtschaft"]},{"key":"Identitätskennzeichen:","value":["AT 50151 EG"]},{"key":"Zusatztext:","value":["Kontrolliert durch AT-BIO-301."]},{"key":"Ursprungsland/Herkunftsort:","value":["Qualität aus Österreich"]},{"key":"Kontakt:","value":["SPAR Österr. Warenhandels-AG","Europastraße 3, 5015 Salzburg, Österreich"]}],"nutritions":[{"key":"","value":"Unzubereitet"},{"key":" ","value":"100 g"},{"key":"Energie","value":"297 kJ | 70 kcal"},{"key":"Fett","value":"0,2 g"},{"key":"Fett, davon gesättigte Fettsäuren","value":"0,1 g"},{"key":"Kohlenhydrate","value":"4,1 g"},{"key":"Kohlenhydrate, davon Zucker","value":"4,1 g"},{"key":"Ballaststoffe","value":"0 g"},{"key":"Eiweiß","value":"12 g"},{"key":"Salz","value":"0,13 g"},{"key":"Broteinheiten","value":"0,3 BE"}],"tags":["Bio"]},
    {"url":"https://www.interspar.at/shop/lebensmittel/p/8185372","data":[{"key":"price","value":"0,85 €"},{"key":"oldPrice","value":"\n\t\t\t\t\t\n\t\t\t\t\t \n\t\t\t\t"},{"key":"pricePerUnit","value":"(3.40 €/kg)"},{"key":"productDetailsName","value":"SPAR - Speisetopfen - 250 G"},{"key":"detailsDescription","value":"250 G"},{"key":"articleNumber","value":"Artikelnummer: 8185372"},{"key":"Lagerhinweis:","value":["Vor und nach dem Öffnen gekühlt lagern. Nach dem Öffnen innerhalb weniger Tage verbrauchen."]},{"key":"Allergene:","value":["Enthält:Milch und daraus gewonnene Erzeugnisse (inkl. Laktose)"]},{"key":"Identitätskennzeichen:","value":["AT 30751 EG"]},{"key":"Ursprungsland/Herkunftsort:","value":["Qualität aus Österreich"]},{"key":"Kontakt:","value":["SPAR Österr. Warenhandels-AG","Europastraße 3, 5015 Salzburg, Österreich"]}],"nutritions":[{"key":"","value":"Unzubereitet"},{"key":" ","value":"100 g"},{"key":"Energie","value":"430 kJ | 102 kcal"},{"key":"Fett","value":"4,4 g"},{"key":"Fett, davon gesättigte Fettsäuren","value":"2,8 g"},{"key":"Kohlenhydrate","value":"3,7 g"},{"key":"Kohlenhydrate, davon Zucker","value":"3,7 g"},{"key":"Ballaststoffe","value":"0 g"},{"key":"Eiweiß","value":"12 g"},{"key":"Salz","value":"0,1 g"},{"key":"Broteinheiten","value":"0,3 BE"}],"tags":[]},
    {"url":"https://www.interspar.at/shop/lebensmittel/p/8185457","data":[{"key":"price","value":"0,75 €"},{"key":"oldPrice","value":"\n\t\t\t\t\t\n\t\t\t\t\t \n\t\t\t\t"},{"key":"pricePerUnit","value":"(3.00 €/kg)"},{"key":"productDetailsName","value":"SPAR - Magertopfen - 250 G"},{"key":"detailsDescription","value":"250 G"},{"key":"articleNumber","value":"Artikelnummer: 8185457"},{"key":"Lagerhinweis:","value":["Vor und nach dem Öffnen gekühlt lagern. Nach dem Öffnen innerhalb weniger Tage verbrauchen."]},{"key":"Allergene:","value":["Enthält:Milch und daraus gewonnene Erzeugnisse (inkl. Laktose)"]},{"key":"Identitätskennzeichen:","value":["AT 30751 EG"]},{"key":"Ursprungsland/Herkunftsort:","value":["Qualität aus Österreich"]},{"key":"Kontakt:","value":["SPAR Österr. Warenhandels-AG","Europastraße 3, 5015 Salzburg, Österreich"]}],"nutritions":[{"key":"","value":"Unzubereitet"},{"key":" ","value":"100 g"},{"key":"Energie","value":"307 kJ | 72 kcal"},{"key":"Fett","value":"0,2 g"},{"key":"Fett, davon gesättigte Fettsäuren","value":"0,1 g"},{"key":"Kohlenhydrate","value":"4,1 g"},{"key":"Kohlenhydrate, davon Zucker","value":"4,1 g"},{"key":"Ballaststoffe","value":"0 g"},{"key":"Eiweiß","value":"14 g"},{"key":"Salz","value":"0,1 g"},{"key":"Broteinheiten","value":"0,3 BE"}],"tags":[]},
    {"url":"https://www.interspar.at/shop/lebensmittel/p/7613449","data":[{"key":"price","value":"1,15 €"},{"key":"oldPrice","value":"\n\t\t\t\t\t\n\t\t\t\t\t \n\t\t\t\t"},{"key":"pricePerUnit","value":"(4.60 €/kg)"},{"key":"productDetailsName","value":"SPAR free from - Speisetopfen mager - 250 G"},{"key":"detailsDescription","value":"250 G"},{"key":"articleNumber","value":"Artikelnummer: 7613449"},{"key":"Lagerhinweis:","value":["Vor und nach dem Öffnen gekühlt lagern. Nach dem Öffnen innerhalb weniger Tage verbrauchen."]},{"key":"Zutaten:","value":["Zutaten: MAGERMILCH, Milchsäurekulturen, mikrobielles Lab. In Großbuchstaben angegebene Zutaten enthalten allergene Inhaltsstoffe."]},{"key":"Allergene:","value":["Enthält:Milch und daraus gewonnene Erzeugnisse (inkl. Laktose)"]},{"key":"","value":["Laktosefrei"]},{"key":"Identitätskennzeichen:","value":["AT 30751 EG"]},{"key":"Ursprungsland/Herkunftsort:","value":["Qualität aus Österreich"]},{"key":"Kontakt:","value":["SPAR Österr. Warenhandels-AG","Europastraße 3, 5015 Salzburg, Österreich"]}],"nutritions":[{"key":"","value":"Unzubereitet"},{"key":" ","value":"100 g"},{"key":"Energie","value":"307 kJ | 72 kcal"},{"key":"Fett","value":"0,2 g"},{"key":"Fett, davon gesättigte Fettsäuren","value":"0,1 g"},{"key":"Kohlenhydrate","value":"4,1 g"},{"key":"Kohlenhydrate, davon Zucker","value":"4,1 g"},{"key":"Ballaststoffe","value":"0 g"},{"key":"Eiweiß","value":"14 g"},{"key":"Salz","value":"0,1 g"},{"key":"Broteinheiten","value":"0,3 BE"},{"key":"Laktose","value":"< 0,01 g"}],"tags":["Lactosefrei"]},
    {"url":"https://www.interspar.at/shop/lebensmittel/p/1017557","data":[{"key":"price","value":"0,99 €"},{"key":"oldPrice","value":"\n\t\t\t\t\t\n\t\t\t\t\t \n\t\t\t\t"},{"key":"pricePerUnit","value":"(3.96 €/kg)"},{"key":"productDetailsName","value":"NÖM - Speisetopfen 20% F.i.T. - 250 G"},{"key":"detailsDescription","value":"250 G"},{"key":"articleNumber","value":"Artikelnummer: 1017557"},{"key":"Lagerhinweis:","value":["Gekühlt (+ 3-9 °C) lagern und nach dem Öffnen innerhalb von 2-3 Tagen verbrauchen."]},{"key":"Zutaten:","value":["Zutaten: SPEISETOPFEN 20% F.i.T. In Großbuchstaben angegebene Zutaten enthalten allergene Inhaltsstoffe."]},{"key":"Allergene:","value":["Enthält:Milch und daraus gewonnene Erzeugnisse (inkl. Laktose)"]},{"key":"Identitätskennzeichen:","value":["AT 60170 EG"]},{"key":"Verbrauchen nach dem Öffnen:","value":["2 Tage"]},{"key":"Kontakt:","value":["NÖM AG","Vöslauer Straße 109, 2500 Baden, Österreich","0800 800 500"]}],"nutritions":[{"key":"","value":"Unzubereitet"},{"key":" ","value":"100 g"},{"key":"Energie","value":"423 kJ | 101 kcal"},{"key":"Fett","value":"4,4 g"},{"key":"Fett, davon gesättigte Fettsäuren","value":"2,6 g"},{"key":"Kohlenhydrate","value":"3,7 g"},{"key":"Kohlenhydrate, davon Zucker","value":"3,7 g"},{"key":"Eiweiß","value":"11 g"},{"key":"Salz","value":"0,1 g"}],"tags":[]},
    {"url":"https://www.interspar.at/shop/lebensmittel/p/1017687","data":[{"key":"price","value":"1,05 €"},{"key":"oldPrice","value":"\n\t\t\t\t\t\n\t\t\t\t\t \n\t\t\t\t"},{"key":"pricePerUnit","value":"(4.20 €/kg)"},{"key":"productDetailsName","value":"NÖM - Speisetopfen 40 % F.i.T - 250 G"},{"key":"detailsDescription","value":"250 G"},{"key":"articleNumber","value":"Artikelnummer: 1017687"},{"key":"Lagerhinweis:","value":["Gekühlt (+ 3-9 °C) lagern und nach dem Öffnen innerhalb von 2-3 Tagen verbrauchen."]},{"key":"Zutaten:","value":["Zutaten: SPEISETOPFEN 40% F.i.T. In Großbuchstaben angegebene Zutaten enthalten allergene Inhaltsstoffe."]},{"key":"Allergene:","value":["Enthält:Milch und daraus gewonnene Erzeugnisse (inkl. Laktose)"]},{"key":"Identitätskennzeichen:","value":["AT 60170 EG"]},{"key":"Verbrauchen nach dem Öffnen:","value":["2 Tage"]},{"key":"Kontakt:","value":["NÖM AG","Vöslauer Straße 109, 2500 Baden, Österreich","0800 800 500"]}],"nutritions":[{"key":"","value":"Unzubereitet"},{"key":" ","value":"100 g"},{"key":"Energie","value":"588 kJ | 141 kcal"},{"key":"Fett","value":"10 g"},{"key":"Fett, davon gesättigte Fettsäuren","value":"6 g"},{"key":"Kohlenhydrate","value":"3,2 g"},{"key":"Kohlenhydrate, davon Zucker","value":"3,2 g"},{"key":"Eiweiß","value":"9 g"},{"key":"Salz","value":"0,1 g"}],"tags":[]},
    {"url":"https://www.interspar.at/shop/lebensmittel/p/271141","data":[{"key":"price","value":"2,09 €"},{"key":"oldPrice","value":"\n\t\t\t\t\t\n\t\t\t\t\t \n\t\t\t\t"},{"key":"pricePerUnit","value":"(4.18 €/kg)"},{"key":"productDetailsName","value":"Schärdinger - Alt Wiener Speise Topfen 20% F.i.T. - 500 G"},{"key":"detailsDescription","value":"500 G"},{"key":"articleNumber","value":"Artikelnummer: 271141"},{"key":"Lagerhinweis:","value":["Vor und nach dem Öffnen gekühlt bei max. 6°C lagern. Nach dem Öffnen innerhalb weniger Tage verbrauchen."]},{"key":"Zutaten:","value":["Zutaten: SPEISETOPFEN. In Großbuchstaben angegebene Zutaten enthalten allergene Inhaltsstoffe."]},{"key":"Allergene:","value":["Enthält:Milch und daraus gewonnene Erzeugnisse (inkl. Laktose)"]},{"key":"Identitätskennzeichen:","value":["AT 30751 EG"]},{"key":"Kontakt:","value":["Berglandmilch eGen","Schubertstraße 30, 4600 Wels, Österreich"]}],"nutritions":[{"key":"","value":"Unzubereitet"},{"key":" ","value":"100 g"},{"key":"Energie","value":"413 kJ | 98 kcal"},{"key":"Fett","value":"4,4 g"},{"key":"Fett, davon gesättigte Fettsäuren","value":"2,8 g"},{"key":"Kohlenhydrate","value":"3,7 g"},{"key":"Kohlenhydrate, davon Zucker","value":"3,7 g"},{"key":"Eiweiß","value":"11 g"},{"key":"Salz","value":"0,1 g"}],"tags":[]},
    {"url":"https://www.interspar.at/shop/lebensmittel/p/355452","data":[{"key":"price","value":"0,99 €"},{"key":"oldPrice","value":"\n\t\t\t\t\t\n\t\t\t\t\t \n\t\t\t\t"},{"key":"pricePerUnit","value":"(3.96 €/kg)"},{"key":"productDetailsName","value":"NÖM - Speisetopfen 10% F.i.T. - 250 G"},{"key":"detailsDescription","value":"250 G"},{"key":"articleNumber","value":"Artikelnummer: 355452"},{"key":"Lagerhinweis:","value":["Gekühlt (+ 3-9 °C) lagern und nach dem Öffnen innerhalb von 2-3 Tagen verbrauchen."]},{"key":"Zutaten:","value":["Zutaten: SPEISETOPFEN 10% F.i.T. In Großbuchstaben angegebene Zutaten enthalten allergene Inhaltsstoffe."]},{"key":"Allergene:","value":["Enthält:Milch und daraus gewonnene Erzeugnisse (inkl. Laktose)"]},{"key":"Identitätskennzeichen:","value":["AT 60170 EG"]},{"key":"Verbrauchen nach dem Öffnen:","value":["2 Tage"]},{"key":"Kontakt:","value":["NÖM AG","Vöslauer Straße 109, 2500 Baden, Österreich","0800 800 500"]}],"nutritions":[{"key":"","value":"Unzubereitet"},{"key":" ","value":"100 g"},{"key":"Energie","value":"348 kJ | 83 kcal"},{"key":"Fett","value":"2,1 g"},{"key":"Fett, davon gesättigte Fettsäuren","value":"1,3 g"},{"key":"Kohlenhydrate","value":"4,1 g"},{"key":"Kohlenhydrate, davon Zucker","value":"4,1 g"},{"key":"Eiweiß","value":"11,2 g"},{"key":"Salz","value":"0,1 g"}],"tags":[]},
    {"url":"https://www.interspar.at/shop/lebensmittel/p/3631928","data":[{"key":"price","value":"0,95 €"},{"key":"oldPrice","value":"\n\t\t\t\t\t\n\t\t\t\t\t \n\t\t\t\t"},{"key":"pricePerUnit","value":"(3.80 €/kg)"},{"key":"productDetailsName","value":"NÖM - Speisetopfen mager - 250 G"},{"key":"detailsDescription","value":"250 G"},{"key":"articleNumber","value":"Artikelnummer: 3631928"},{"key":"Lagerhinweis:","value":["Gekühlt (+ 3-9 °C) lagern und nach dem Öffnen innerhalb von 2-3 Tagen verbrauchen."]},{"key":"Zutaten:","value":["Zutaten: SPEISETOPFEN mager. In Großbuchstaben angegebene Zutaten enthalten allergene Inhaltsstoffe."]},{"key":"Allergene:","value":["Enthält:Milch und daraus gewonnene Erzeugnisse (inkl. Laktose)"]},{"key":"Identitätskennzeichen:","value":["AT 60170 EG"]},{"key":"Verbrauchen nach dem Öffnen:","value":["2 Tage"]},{"key":"Kontakt:","value":["NÖM AG","Vöslauer Straße 109, 2500 Baden, Österreich","0800 800 500"]}],"nutritions":[{"key":"","value":"Unzubereitet"},{"key":" ","value":"100 g"},{"key":"Energie","value":"300 kJ | 71 kcal"},{"key":"Fett","value":"0,2 g"},{"key":"Fett, davon gesättigte Fettsäuren","value":"0,1 g"},{"key":"Kohlenhydrate","value":"4,1 g"},{"key":"Kohlenhydrate, davon Zucker","value":"4,1 g"},{"key":"Eiweiß","value":"12,5 g"},{"key":"Salz","value":"0,1 g"}],"tags":[]},
    {"url":"https://www.interspar.at/shop/lebensmittel/p/5528349","data":[{"key":"price","value":"3,19 €"},{"key":"oldPrice","value":"\n\t\t\t\t\t\n\t\t\t\t\t \n\t\t\t\t"},{"key":"pricePerUnit","value":"(6.38 €/kg)"},{"key":"productDetailsName","value":"Hoflieferanten - Bauerntopfen der Naturcremige - 500 G"},{"key":"detailsDescription","value":"500 G"},{"key":"articleNumber","value":"Artikelnummer: 5528349"},{"key":"Lagerhinweis:","value":["Gekühlt bei +6°C lagern."]},{"key":"Zutaten:","value":["Zutaten: Speisetopfen aus pasteurisierter MILCH. In Großbuchstaben angegebene Zutaten enthalten allergene Inhaltsstoffe."]},{"key":"Allergene:","value":["Enthält:Milch und daraus gewonnene Erzeugnisse (inkl. Laktose)"]},{"key":"Identitätskennzeichen:","value":["AT 30869 EG"]},{"key":"Kontakt:","value":["Wilhelmsburger Hoflieferanten","Pömmern 4, 3150 Wilhelmsburg, Österreich"]}],"nutritions":[],"tags":[]},
    {"url":"https://www.interspar.at/shop/lebensmittel/p/6780494","data":[{"key":"price","value":"1,19 €"},{"key":"oldPrice","value":"\n\t\t\t\t\t\n\t\t\t\t\t \n\t\t\t\t"},{"key":"pricePerUnit","value":"(4.76 €/kg)"},{"key":"productDetailsName","value":"NÖM - Bröseltopfen 20 % F.i.T. - 250 G"},{"key":"detailsDescription","value":"250 G"},{"key":"articleNumber","value":"Artikelnummer: 6780494"},{"key":"Lagerhinweis:","value":["Gekühlt (+ 3-9 °C) lagern und nach dem Öffnen innerhalb von 2-3 Tagen verbrauchen."]},{"key":"Zutaten:","value":["Zutaten: BRÖSELTOPFEN 20% F.i.T. In Großbuchstaben angegebene Zutaten enthalten allergene Inhaltsstoffe."]},{"key":"Allergene:","value":["Enthält:Milch und daraus gewonnene Erzeugnisse (inkl. Laktose)"]},{"key":"Identitätskennzeichen:","value":["AT 60170 EG"]},{"key":"Verbrauchen nach dem Öffnen:","value":["2 Tage"]},{"key":"Kontakt:","value":["NÖM AG","Vöslauer Straße 109, 2500 Baden, Österreich","0800 800 500"]}],"nutritions":[{"key":"","value":"Unzubereitet"},{"key":" ","value":"100 g"},{"key":"Energie","value":"423 kJ | 101 kcal"},{"key":"Fett","value":"4,4 g"},{"key":"Fett, davon gesättigte Fettsäuren","value":"2,6 g"},{"key":"Kohlenhydrate","value":"3,7 g"},{"key":"Kohlenhydrate, davon Zucker","value":"3,7 g"},{"key":"Eiweiß","value":"11 g"},{"key":"Salz","value":"0,1 g"}],"tags":[]},
    {"url":"https://www.interspar.at/shop/lebensmittel/p/3365540","data":[{"key":"price","value":"1,49 €"},{"key":"oldPrice","value":"\n\t\t\t\t\t\n\t\t\t\t\t \n\t\t\t\t"},{"key":"pricePerUnit","value":"(2.98 €/kg)"},{"key":"productDetailsName","value":"Exquisa Quark Creme - Natur 0,2% - 500 G"},{"key":"detailsDescription","value":"500 G"},{"key":"articleNumber","value":"Artikelnummer: 3365540"},{"key":"Lagerhinweis:","value":["Gekühlt lagern bei +2°C bis +8°C."]},{"key":"Zutaten:","value":["Zutaten: SPEISEQUARK, JOGHURT aus entrahmter MILCH (40%). In Großbuchstaben angegebene Zutaten enthalten allergene Inhaltsstoffe."]},{"key":"Allergene:","value":["Enthält:Milch und daraus gewonnene Erzeugnisse (inkl. Laktose)"]},{"key":"","value":["Ohne Zusatz von Farb-  und Konservierungsstoffen**lt Gesetz"]},{"key":"Identitätskennzeichen:","value":["DE BY 706 EG"]},{"key":"Kontakt:","value":["Karwendel","Karwendelstraße 6-16, 86807 Buchloe, Deutschland"]}],"nutritions":[{"key":"","value":"Unzubereitet"},{"key":" ","value":"100 g"},{"key":"Energie","value":"215 kJ | 51 kcal"},{"key":"Fett","value":"0,2 g"},{"key":"Fett, davon gesättigte Fettsäuren","value":"0,1 g"},{"key":"Kohlenhydrate","value":"3,7 g"},{"key":"Kohlenhydrate, davon Zucker","value":"3,7 g"},{"key":"Eiweiß","value":"8,5 g"},{"key":"Salz","value":"0,1 g"}],"tags":[]},
    {"url":"https://www.interspar.at/shop/lebensmittel/p/2020000967842","data":[{"key":"price","value":"1,39 €"},{"key":"oldPrice","value":"\n\t\t\t\t\t\n\t\t\t\t\t \n\t\t\t\t"},{"key":"pricePerUnit","value":"(3.09 €/kg)"},{"key":"productDetailsName","value":"Arla Skyr - Joghurt Natur - 450 G"},{"key":"detailsDescription","value":"450 G"},{"key":"articleNumber","value":"Artikelnummer: 2020000967842"},{"key":"Lagerhinweis:","value":["Bei max. +8°C lagern."]},{"key":"Zutaten:","value":["Zutaten: MAGERMILCH, MILCHSÄUREKULTUREN, mikrobielles Lab. In Großbuchstaben angegebene Zutaten enthalten allergene Inhaltstoffe."]},{"key":"Allergene:","value":["Enthält:Milch und daraus gewonnene Erzeugnisse (inkl. Laktose)"]},{"key":"Identitätskennzeichen:","value":["DEMV006EG"]},{"key":"Kontakt:","value":["Arla Foods Deutschland GmbH","Wahlerstr. 2, 40472  Düsseldorf, Deutschland"]}],"nutritions":[{"key":"","value":"Unzubereitet"},{"key":" ","value":"100 g"},{"key":"Energie","value":"262 kJ | 62 kcal"},{"key":"Fett","value":"0,2 g"},{"key":"Fett, davon gesättigte Fettsäuren","value":"0,1 g"},{"key":"Kohlenhydrate","value":"4 g"},{"key":"Kohlenhydrate, davon Zucker","value":"4 g"},{"key":"Eiweiß","value":"11 g"},{"key":"Salz","value":"0,14 g"}],"tags":[]},
    {"url":"https://www.interspar.at/shop/lebensmittel/p/7433689","data":[{"key":"price","value":"2,49 €"},{"key":"oldPrice","value":"\n\t\t\t\t\t\n\t\t\t\t\t \n\t\t\t\t"},{"key":"pricePerUnit","value":"(15.56 €/kg)"},{"key":"productDetailsName","value":"Weizer Schafbauern - Steirischer Schaftopfen - 160 G"},{"key":"detailsDescription","value":"160 G"},{"key":"articleNumber","value":"Artikelnummer: 7433689"},{"key":"Lagerhinweis:","value":["Gekühlt lagern bei max. +7°C."]},{"key":"Zutaten:","value":["Zutaten: SCHAFMILCH, Mikroorganismenkulturen, mikrobielles Lab, Salz. In Großbuchstaben angegebene Zutaten enthalten allergene Inhaltstoffe."]},{"key":"Allergene:","value":["Enthält:Milch und daraus gewonnene Erzeugnisse (inkl. Laktose)"]},{"key":"Identitätskennzeichen:","value":["AT 60185 EG"]},{"key":"Kontakt:","value":["WEIZER SCHAFBAUERNreg.Gen.m.b.H.","Marburgerstrasse 45, 8160 Weiz, Österreich"]}],"nutritions":[{"key":"","value":"Zubereitet"},{"key":" ","value":"100 g"},{"key":"Energie","value":"940 kJ | 226 kcal"},{"key":"Fett","value":"17 g"},{"key":"Fett, davon gesättigte Fettsäuren","value":"10 g"},{"key":"Kohlenhydrate","value":"2,3 g"},{"key":"Kohlenhydrate, davon Zucker","value":"2,3 g"},{"key":"Ballaststoffe","value":"0 g"},{"key":"Eiweiß","value":"16 g"},{"key":"Salz","value":"0,13 g"},{"key":"Broteinheiten","value":"0,2 BE"}],"tags":[]}
  ]
}